1981 2901
899 180 1020 238 (5)

200 246 260 287 'que
282 243 357 286 ignis
377 251 440 275 non
465 240 525 281 iarn
550 240 630 274 lente
645 267 656 285 ,
680 243 712 275 δε
737 240 903 275 clanculum
928 265 938 281 ‚

199 299 234 321 ut
258 297 364 328 antea,
388 287 445 319 sese
468 287 657 329 diffunderet,
683 288 729 320 sed
753 284 880 325 disjeffis
894 296 939 317 re-

199 333 331 375 pagulis,
355 334 385 364 in
413 331 603 363 vastissimum
627 332 660 364 &
684 342 836 373 nunquam
862 330 934 362 forte

199 377 325 419 amplius
356 376 590 418 extinguendum
629 376 798 410 incendium
837 385 935 407 erum-

199 431 304 464 peret.

245 467 280 500 A
303 467 372 499 Deo
396 467 493 508 itaque
518 467 644 509 Optimo
668 467 813 500 Maximo
846 464 936 498 consi-

201 512 276 545 lium
293 536 303 553 ,
326 511 491 553 auxilium,
517 521 708 555 temporaque
731 512 938 555 opportuniora

203 555 382 599 expectanda
406 558 461 589 esse
485 557 574 597 ἀυτεῖς
600 570 691 599 quem
715 559 745 590 in
778 557 869 588 finem
894 557 938 586 in-

201 602 301 643 dignas
323 601 443 643 quidem
464 626 475 642 ,
508 611 538 633 at
562 602 682 633 sinceras
704 611 805 632 tamen
828 600 861 630 ὅ(
884 599 939 629 ser-

203 646 280 677 vidas
297 670 305 686 ,
329 657 398 677 cum
422 646 535 685 gemitu
559 644 746 684 Columbae,
779 644 938 675 bonorum-

202 701 258 732 que
283 691 420 722 omnium
437 689 514 720 votis
537 689 630 720 unitas
654 699 751 730 preces
765 687 800 719 ad
824 686 937 719 coelum

203 735 322 773 direxi,
356 732 435 766 illius
472 744 589 776 quoque
624 733 788 776 frequenter
812 733 938 774 interpo-

203 791 275 813 nens
299 778 506 811 authoritatem
524 803 534 820 ,
559 778 733 821 sanguinem
757 777 789 809 8<
813 778 938 817 merita,

205 826 276 867 qui,
300 835 492 866 quoecumque
517 825 546 856 in
572 825 711 856 Nomine
726 822 788 861 ejus
811 834 828 855 a
851 823 941 854 Patre

208 870 324 912 petituri
349 870 470 901 essemus
478 893 490 910 ‚
514 880 548 901 ea
586 879 639 902 nos
662 867 862 902 consecuturos
887 868 941 900 esse

207 913 337 957 promisit
351 938 359 946 .

253 960 358 998 Quam
383 959 571 1001 benignum,
595 969 743 1002 quamque
767 959 941 991 inclinatum

205 1004 457 1047 supplicationibus
488 1005 562 1036 meis
601 1004 628 1036 se
653 1004 804 1046 praebuerit
827 1004 942 1036 Conso-

206 1050 282 1082 lator
306 1049 336 1081 in
360 1048 389 1081 se
424 1048 601 1091 sperantium
635 1050 716 1081 Deus
737 1073 747 1089 ,
780 1048 944 1090 dignabitur

206 1093 349 1127 Sanfficas
373 1094 445 1126 Tua
469 1106 506 1128 ex
545 1093 685 1133 adjunsto
709 1093 825 1126 libello
858 1093 943 1125 intel-

206 1139 313 1182 ligere.

253 1185 453 1218 Praetermitto
468 1209 478 1226 ,
503 1197 540 1217 ne
565 1184 682 1228 longior
706 1184 778 1226 sim,
803 1195 916 1217 narrare
932 1209 942 1226 ‚

207 1240 264 1272 qua
287 1229 434 1262 occasione
457 1229 571 1263 dietum
590 1231 813 1272 Suffraganeum
838 1241 941 1261 meum

208 1275 308 1307 Officii
331 1275 372 1307 sui
396 1286 588 1309 commonere
608 1276 804 1317 incoeperim3
828 1274 944 1316 quibus-

209 1330 265 1360 que
281 1319 411 1361 gradibus
426 1332 495 1353 eum
508 1321 620 1353 Divina
644 1320 801 1352 clementia
820 1318 856 1351 ad
871 1320 942 1351 San-

210 1363 315 1396 &itatis
340 1365 418 1398 Tuae
442 1366 525 1408 pedes
548 1366 714 1398 reduxerit.

256 1411 374 1441 Verum
399 1409 476 1452 hoc,
500 1420 599 1452 utpote
624 1411 737 1442 virtutis
757 1411 874 1442 eximia:
898 1420 942 1440 ar-

211 1464 387 1496 gumentum
405 1479 414 1494 ,
449 1456 478 1488 in
504 1455 688 1487 Venerabilis
710 1455 791 1485 Senis
823 1453 942 1486 laudem

210 1500 370 1541 prseteriisi'e
385 1500 465 1530 nefas
480 1500 576 1537 foret3
601 1499 677 1539 quod
701 1498 836 1529 videlicet
854 1497 942 1529 illum

211 1554 226 1575 a
251 1543 346 1584 primo
371 1542 486 1574 instanti
507 1542 642 1584 auspicati
666 1542 740 1573 inter
758 1553 814 1574 nos
835 1542 946 1583 negotii

212 1587 300 1629 usque
324 1587 359 1619 ad
382 1587 444 1626 ejus
459 1587 769 1627 consummationem,
793 1597 945 1628 nunquam

211 1643 272 1664 non
297 1632 442 1664 humilem
461 1657 470 1674 ,
494 1632 620 1664 docilem
647 1657 658 1673 ‚
693 1631 858 1664 modestum
880 1655 890 1672 ,
914 1631 947 1662 ὃς

212 1676 247 1710 ad
271 1678 377 1719 quaevis
400 1676 469 1716 jussa
492 1688 561 1709 mea
575 1676 741 1718 capessenda
762 1677 950 1710 obedientem

213 1733 248 1754 ac
272 1732 442 1763 promptum
466 1731 599 1763 expertus
622 1722 728 1754 fuerim
745 1747 754 1756 .

259 1768 327 1799 Nec
351 1767 445 1799 solum
480 1766 635 1800 Sanffitati
658 1768 738 1800 Tuae
771 1768 805 1800 ad
838 1768 947 1800 saniora

218 1811 335 1844 consilia
361 1812 511 1844 reversum
534 1812 677 1845 Authoris
699 1812 787 1844 nostri
811 1814 947 1845 animum

213 1855 307 1889 dietus
331 1856 391 1895 ejus
405 1857 534 1889 Libellus
557 1856 728 1897 exhibebit,
753 1857 799 1890 sed
823 1858 856 1889 δε
877 1869 948 1890 cum

218 1902 318 1934 intimi
343 1901 434 1934 solatii
458 1901 540 1934 sensu
569 1902 810 1935 considerandum
847 1903 918 1935 fislet
938 1927 949 1943 ,

218 1946 484 1987 quamhumiliter
506 1959 575 1979 cum
595 1947 704 1980 Sancffa
727 1948 800 1980 Sede
823 1949 950 1980 reconci-

219 1991 282 2023 liari
307 1991 450 2033 postulet,
474 1992 538 2024 imo
560 2003 704 2034 quantum
728 1994 851 2035 gratiam
875 1992 950 2025 hanc

221 2046 420 2077 promereatur
442 2036 475 2068 ὃς
511 2039 703 2080 magnanima
725 2049 854 2071 errorum
888 2038 952 2071 suo-

217 2092 283 2112 rum
308 2081 518 2122 Confeffione,
543 2082 575 2114 &
599 2094 698 2115 amara
720 2083 842 2124 pristinae
865 2084 952 2116 ratio-

219 2127 263 2157 nis
287 2149 296 2166 ,
335 2125 537 2169 fae'torumque
562 2128 660 2160 minus
683 2127 830 2161 reE’torum
856 2129 951 2171 poeni-

219 2170 318 2202 tudine
338 2195 348 2211 ,
386 2171 416 2203 &
440 2172 633 2205 inconfusibili
657 2172 864 2206 hodiernorum
889 2172 951 2212 ejus

221 2214 354 2247 sensuum
365 2216 546 2258 Ortodoxia,
570 2218 602 2249 ὃς
625 2219 703 2260 acri,
725 2230 785 2260 quo
801 2218 891 2251 modo
906 2220 950 2250 in-

225 2259 374 2302 cenditur,
398 2261 487 2294 inlata
512 2262 647 2296 Ecclesiae
670 2263 778 2298 damna
801 2263 950 2306 reparandi

220 2304 357 2337 desiderio
371 2330 378 2338 .

266 2350 368 2391 Atque
384 2352 449 2383 inde
472 2353 531 2394 est,
555 2365 605 2386 cur
629 2354 870 2396 supervacaneam
886 2365 950 2386 rem

221 2405 271 2428 me
295 2394 429 2429 afflurum
453 2398 592 2440 arbitrer,
615 2399 636 2432 s1
660 2401 711 2433 Tc
735 2411 859 2443 rogem,
882 2400 952 2433 San-

999 240 1128 274 E'tissime
1150 239 1259 281 Pater,
1283 248 1316 273 ut
1339 240 1493 283 poenitenti
1521 247 1673 284 paternum
1698 239 1732 275 fi<

999 297 1073 318 num
1097 284 1223 326 panda53
1247 296 1340 326 neque
1366 288 1446 318 enim
1471 286 1598 320 dubitare
1615 289 1654 321 sas
1668 288 1730 328 est,

999 332 1069 372 quin
1093 330 1170 361 illius
1193 328 1357 360 caritatem
1381 331 1525 369 aemuleris
1542 356 1552 372 ,
1573 335 1623 374 qui
1647 333 1729 373 supet

997 374 1153 416 degeneri,
1186 371 1232 404 sed
1255 371 1316 410 jam
1340 373 1479 404 converso
1504 375 1596 414 Filio,
1620 377 1731 409 miseri-

998 419 1094 452 cordia
1123 425 1240 457 motus,
1259 427 1411 448 accurrens
1433 417 1535 448 cecidit
1569 417 1650 460 super
1670 421 1731 452 001-

999 464 1063 496 lum
1097 462 1159 501 ejus
1175 487 1187 503 ,
1219 461 1252 493 &
1284 460 1425 494 osculatus
1449 461 1488 494 est
1523 472 1592 494 eum
1613 487 1622 503 ‚
1646 465 1731 505 eique

998 519 1067 541 cum
1089 508 1170 540 Stola
1195 508 1288 549 prima
1311 517 1437 540 omnem
1460 516 1618 548 paternum
1648 519 1731 541 amo-

998 565 1061 586 rem
1086 552 1222 585 reddidit.

1040 598 1134 629 Certe
1149 621 1160 637 ,
1184 597 1204 627 fi
1227 597 1364 637 quidquid
1389 596 1465 628 Tibi
1489 598 1527 629 est
1553 598 1584 630 in
1608 609 1657 632 me
1682 600 1733 632 be-

998 640 1175 674 nevolentiae
1208 640 1274 678 (δε
1306 640 1457 672 multoties
1488 642 1609 683 probasti
1645 645 1731 676 inesse

998 685 1280 728 quamplurimum)
1304 686 1460 718 revertenti
1501 687 1534 718 ad
1560 688 1611 720 Te
1635 688 1732 720 Catis-

998 731 1071 763 fimo
1097 731 1186 762 Fratri
1220 741 1288 762 meo
1321 730 1484 764 exhibueris
1505 756 1515 772 ,
1553 731 1586 763 &
1611 733 1732 765 Viscera

997 787 1065 808 mea
1090 777 1118 807 in
1130 776 1267 808 Domino
1290 775 1421 817 reficies,
1446 776 1478 809 ἃ
1493 775 1656 810 incredIbili
1682 788 1733 810 me

1002 821 1152 864 voluptate
1176 820 1328 863 perfundes
1342 846 1350 854 .

1046 866 1206 899 confidens
1231 867 1261 899 in
1282 866 1415 900 bonitate
1440 867 1512 900 Tua
1536 892 1547 909 ,
1582 868 1645 901 haec
1665 867 1736 900 duxi

1002 912 1146 945 scribenda
1170 911 1265 953 Tibi,
1287 911 1380 945 sciens
1401 913 1478 955 quod
1502 913 1584 955 super
1610 913 1636 945 id
1658 913 1735 955 quod

1002 970 1072 1001 rogo
1096 957 1209 997 facies3
1248 968 1302 989 nec
1326 959 1535 999 praeteritarum
1561 959 1650 990 modo
1674 958 1735 996 ejus

1002 1015 1145 1036 noxarum
1168 1002 1345 1034 oblivisceris
1358 1026 1367 1040 ,
1392 1001 1438 1033 sed
1452 1001 1484 1033 &
1496 1001 1563 1033 Filii
1582 1002 1648 1035 loco
1663 1013 1734 1034 eum

1002 1048 1149 1087 habebis,
1163 1047 1294 1088 amabis,
1318 1046 1488 1089 Litterisque
1510 1047 1614 1080 amicis
1637 1048 1668 1079 δε
1693 1047 1735 1079 se-

1004 1093 1086 1125 nium
1111 1091 1172 1130 ejus
1196 1091 1351 1133 solaberis,
1383 1091 1416 1123 &
1440 1092 1575 1123 animum
1601 1091 1735 1125 adversus

1004 1137 1102 1170 stolida
1125 1136 1283 1168 hominum
1318 1136 1421 1175 judicia
1446 1136 1655 1169 confirmabis:
1693 1136 1736 1168 di-

1003 1194 1094 1226 gnum
1118 1182 1243 1224 quippe,
1267 1180 1300 1213 &
1320 1181 1550 1214 consentaneum
1575 1182 1655 1214 Tuae
1679 1181 1737 1214 cle-

1003 1228 1120 1260 mentiae
1143 1227 1263 1259 arbitror
1277 1250 1287 1267 ,
1311 1236 1344 1258 ut
1366 1227 1416 1268 qui
1441 1225 1490 1258 suo
1515 1236 1582 1267 erga
1594 1225 1735 1259 Sanctam

1006 1273 1109 1306 Sedem
1133 1271 1271 1313 obsequio
1295 1271 1366 1304 fines
1389 1270 1485 1303 nullos
1509 1270 1601 1311 posuit
1619 1295 1630 1312 ,
1663 1282 1737 1304 eum

1005 1319 1155 1351 illimitato
1198 1316 1309 1360 prorsus
1345 1314 1452 1348 affeflu
1489 1314 1630 1348 Sanffltas
1663 1317 1736 1348 Tua

1003 1365 1231 1405 complefilatur.

1047 1409 1207 1441 Transfusa
1231 1408 1291 1447 jam
1317 1410 1346 1441 in
1371 1408 1465 1440 sinum
1492 1407 1599 1442 Tuum
1616 1435 1625 1451 ,
1660 1411 1735 1442 Bea-

1001 1453 1107 1486 tiffime
1133 1455 1236 1494 Pater,
1262 1453 1499 1485 suavissimorum
1523 1455 1641 1496 solatii,
1665 1466 1735 1496 gau-

1005 1499 1063 1539 dii,
1087 1498 1166 1540 spei,
1190 1509 1222 1529 ac
1238 1498 1346 1531 fiduciae
1362 1498 1497 1530 sensuum
1523 1500 1709 1532 exuberantia
1725 1522 1735 1539 ‚

1007 1543 1126 1585 superest
1144 1567 1154 1584 ,
1187 1552 1219 1575 ut
1256 1542 1289 1575 ἃ
1312 1555 1410 1576 coram
1435 1543 1488 1574 Te
1511 1545 1657 1584 deponam
1682 1544 1737 1575 hu-

1006 1587 1141 1620 millimae
1165 1599 1199 1619 ac
1221 1585 1447 1630 profundiffimae
1479 1584 1665 1626 subjefflonis
1689 1589 1740 1619 tri-

1009 1632 1132 1672 butum,
1157 1643 1235 1673 quo,
1259 1630 1399 1673 quamdiu
1422 1630 1545 1672 vixero,
1570 1633 1600 1664 in
1618 1632 1737 1676 persona

1009 1676 1172 1709 Sanciitatis
1205 1677 1284 1709 Tuae
1316 1675 1460 1708 honorare
1493 1676 1612 1709 intendo
1637 1679 1738 1710 Vene-

1008 1722 1129 1754 rabilem
1154 1721 1236 1753 illa-m
1261 1721 1402 1760 Petram,
1427 1720 1473 1752 cui
1497 1722 1737 1755 inaedificaturum

1009 1767 1036 1799 se
1061 1766 1220 1799 Ecclesiam
1245 1766 1326 1798 suam
1349 1766 1483 1798 Salvator
1515 1767 1644 1809 promisit
1663 1791 1673 1807 ,
1705 1767 1738 1798 ὅ(

1009 1820 1105 1844 contra
1138 1823 1227 1854 quam
1246 1836 1257 1853 ,
1295 1811 1371 1843 haud
1405 1810 1483 1842 secus
1515 1823 1548 1843 ac
1572 1811 1737 1843 Ecclesiam

1009 1856 1120 1899 ipsam,
1144 1857 1232 1889 nullae
1265 1867 1398 1898 unquam
1432 1855 1593 1890 inferorum
1615 1856 1739 1898 potesla-

1009 1913 1050 1934 tes
1072 1902 1259 1944 praevaliturae
1282 1902 1365 1934 sunt.

1053 1947 1194 1989 Cumque
1218 1949 1247 1979 in
1273 1947 1392 1989 persona
1404 1947 1740 1982 BeatissimiPraedeces·

1010 1993 1076 2026 soris
1099 1993 1165 2024 Tui
1187 1993 1262 2024 Divi
1287 1993 1386 2034 Petri,
1419 1994 1629 2035 Apostolorum
1654 1995 1739 2025 Prin-

1009 2039 1097 2080 cipis,
1121 2049 1181 2070 non
1204 2039 1364 2080 Agnorum
1389 2038 1479 2070 modo
1503 2039 1639 2071 omnium
1658 2064 1668 2081 ‚
1694 2039 1740 2072 scd

1010 2083 1042 2114 δε
1066 2084 1181 2116 Ovium
1206 2084 1280 2115 Tibi
1304 2095 1372 2116 cura
1404 2083 1565 2116 concredita
1588 2083 1621 2115 fit
1640 2109 1650 2123 ,
1674 2094 1740 2125 pro-

1010 2129 1161 2171 vinciaque
1198 2128 1369 2161 demandata
1401 2127 1592 2160 confirmandi
1629 2129 1741 2160 Fratres

1010 2174 1120 2214 Tuos3
1144 2173 1321 2206 intolerabili
1345 2173 1402 2205 sere
1422 2197 1431 2214 ,
1464 2172 1497 2204 δε
1532 2172 1642 2205 viribus
1664 2174 1740 2205 meis

1011 2218 1098 2261 longe
1123 2217 1258 2260 superiori
1292 2218 1412 2250 duarum
1439 2217 1634 2250 Ecclesiarum
1667 2228 1741 2259 pon-

1010 2264 1075 2296 dere
1098 2263 1175 2305 quasi
1200 2264 1233 2296 ad
1258 2264 1318 2294 ima
1342 2263 1479 2304 depressus
1495 2287 1504 2303 ‚
1540 2263 1574 2295 ad
1599 2263 1650 2294 Te
1672 2273 1742 2294 ocu-

1009 2309 1075 2349 los,
1099 2319 1202 2340 manus
1217 2333 1228 2349 ,
1253 2319 1415 2349 vocemque
1439 2307 1542 2339 attollo
1566 2331 1576 2347 ,
1608 2306 1740 2347 supplici-

1012 2364 1054 2385 ter
1076 2365 1159 2386 orans
1182 2378 1192 2394 ‚
1225 2362 1255 2385 ut
1280 2352 1457 2384 fatiscentem
1484 2351 1534 2383 sub
1557 2360 1600 2382 tot
1624 2352 1740 2382 anima-

1011 2409 1076 2432 rum
1099 2399 1262 2442 regimine,
1295 2397 1330 2430 de
1353 2407 1476 2439 quarum
1500 2395 1614 2439 singulis
1638 2394 1741 2427 severo

1374 2443 1407 2475 A
1447 2452 1462 2484 3
1645 2441 1696 2478 Ju-
