1981 2901
897 139 1019 194 (9)

198 199 298 230 Habet
330 195 449 236 proinde
482 196 559 229 idem
593 196 729 229 Pontifex
754 222 763 238 ,
797 197 830 229 δε
862 197 926 235 iure

197 241 324 275 exercet·
342 240 391 272 inv
415 241 562 273 Universa
595 242 722 273 Ecclefia
754 243 930 283 potestatem

195 284 384 328 Dispensandi
407 296 443 317 ex
468 285 600 327 legitima
623 286 703 317 causa
728 287 756 317 in
781 286 845 328 lege
875 297 926 326 per

197 330 344 363 Generale
368 329 539 362 Concilium
564 330 620 361 lata
636 354 644 361 .

239 375 345 406 Primis
369 374 429 412 jam
455 384 520 406 tum
547 375 681 406 Ecclesiae
705 375 885 416 tempor-ibus
905 376 925 406 ii

193 417 380 451 censebantur
403 420 515 460 Spurii,
536 419 750 460 'adulterinique
767 419 925 460 Episcopi,

192 475 321 505 quorum
345 465 500 496 Romanus
525 464 659 496 Pontifex
674 465 898 497 Ordinationem
913 488 924 504 ,

192 509 240 540 seu
267 508 456 541 Elecffionem
483 508 612 540 absolute
638 509 805 550 respueret,
841 508 924 540 uelu-

192 554 212 584 ti
238 554 687 593 ULTRAJECTJNORUM
711 554 842 592 Pseudo·
854 553 925 593 Epi-

185 599 328 640 scoporum
351 623 359 638 ‚
394 598 577 638 aliorumque
601 598 696 629 eidem
722 598 925 628 Communic-

191 645 220 674 ni
240 668 248 683 ‚
272 653 358 684 atque
382 642 486 672 Causae
510 641 717 672 adbaerentium
740 664 747 671 .
774 641 925 679 Quamvis

192 696 291 718 autem
318 685 528 725 antiquioribus
551 685 730 726 temporibus
754 684 924 716 Confirma-

190 733 252 770 tio,
275 729 306 761 ἃ
331 729 520 761 Consecratio
546 728 827 760 Neo-Ele&orum
853 730 925 769 Epi-

188 776 339 816 scoporum
364 773 399 805 ad
423 773 624 805 Provinciales
647 774 777 812 Synodos
792 797 801 814 ,
827 773 925 814 praeci-

187 831 244 861 pue
272 831 341 851 vero
365 818 399 850 ad
421 818 691 859 Metropolitanum
728 819 923 860 pertinuerit3

187 874 318 896 attamen
344 863 482 905 legitimis
505 863 540 895 de
572 862 659 895 causis
683 862 743 895 baec
775 863 922 904 disciplina

189 921 241 951 per
266 908 449 940 Universum
474 907 668 940 Occidentem
693 917 806 940 mutata
838 908 892 940 fuit
912 933 922 949 ‚

188 965 284 995 neque
308 953 457 995 pristinam
497 952 550 984 hac
574 954 603 983 in
637 961 715 993 parte
739 953 920 994 disciplinam

185 998 282 1030 reduci
305 999 380 1039 posse
404 997 557 1036 existimo,
582 996 633 1028 nisi
666 997 700 1028 de
726 998 813 1039 pleno
837 1007 922 1039 atque

188 1043 281 1075 libero
313 1044 448 1074 Summae
484 1042 563 1074 Sedis
601 1041 709 1073 assensu
735 1065 742 1073 .
778 1042 862 1073 Idem
887 1044 922 1074 de

188 1087 466 1127 Translationibus‚
490 1086 523 1118 δε
549 1086 783 1127 Depofitionibus
802 1086 921 1128 Episco-

186 1143 312 1174 porum,
337 1143 390 1164 nec
414 1144 472 1164 non
493 1132 528 1163 de
541 1130 747 1163 Erefi‘tionibus
771 1142 920 1164 novarum

186 1177 307 1209 Sedium
332 1176 553 1217 Episcopalium
578 1175 752 1207 servandum
778 1175 872 1213 judico
889 1200 898 1208 .

229 1220 428 1252 Canonizatio
452 1222 613 1253 Servorum
640 1221 697 1252 Dei
731 1232 782 1262 per
806 1222 919 1261 Papam

184 1265 382 1298 Alexandrum
400 1266 475 1306 HL,
486 1266 521 1296 ad
538 1266 690 1297 evitandos
706 1266 873 1297 innumeros
891 1277 920 1297 a-

183 1310 290 1350 busus,
316 1310 522 1342 soliRomano
543 1310 700 1350 Pontifici,
724 1309 834 1341 seclusis
849 1310 920 1351 Epi-

185 1355 276 1396 scopis
300 1355 484 1386 Dioecesanis
503 1379 513 1395 ,
547 1355 654 1386 merito
688 1354 830 1386 reservata
854 1356 893 1386 est
911 1378 920 1386 .

185 1400 381 1441 Quamquam
398 1399 430 1432 ὃς
446 1400 482 1431 ab
501 1398 708 1440 antiquioribus
722 1399 919 1439 temporibus,

184 1454 216 1475 ut
242 1444 363 1475 babetur
386 1455 422 1475 ex
447 1443 598 1475 Benedic‘ffo
621 1444 705 1474 XIV.
743 1442 808 1474 Lib.
837 1454 863 1474 1.
885 1443 920 1474 de

182 1488 294 1528 Brutis.
318 1487 360 1518 (Ὺ
383 1489 492 1518 Canon.
517 1488 598 1518 Serv.
621 1486 706 1526 Dei,
721 1488 798 1526 Cap.
827 1499 874 1518 10.
891 1500 919 1519 n.

186 1544 212 1565 r.
233 1557 242 1572 ‚
268 1532 499 1563 Beatiflcationes
523 1530 587 1572 ipsae
621 1554 631 1571 ‚
663 1541 728 1571 quae
751 1530 858 1562 fiebant
882 1531 923 1562 ab

180 1576 353 1618 Episcopis,
378 1577 441 1607 vim
466 1575 638 1607 obtinebant
653 1576 915 1616 Canonizationis,

180 1621 231 1652 vel
265 1633 315 1662 per
349 1621 509 1661 expressam
542 1620 660 1651 Summi
686 1619 836 1651 Pontificis
867 1632 915 1661 ap-

181 1665 410 1706 probationem,
434 1664 484 1696 vel
508 1675 558 1705 per
582 1662 776 1695 universalem
792 1688 802 1703 ‚
835 1674 915 1696 extra

180 1710 352 1742 Concilium
373 1734 382 1748 ,
407 1708 544 1741 Ecclesiae
576 1707 746 1740 consensum
767 1733 776 1748 ,
801 1710 830 1740 in
855 1720 914 1750 quo

182 1757 269 1786 tacita
292 1755 413 1786 Summi
438 1753 586 1785 Pontificis
623 1753 790 1795 approbatio
822 1754 913 1785 conti-

180 1799 303 1831 nebatur
317 1823 326 1831 .

228 1845 383 1883 Quamvis
405 1844 479 1876 olim
504 1844 554 1875 va
578 1843 642 1875 aliae
665 1843 768 1875 Causae
787 1868 797 1883 ,
822 1854 911 1885 quam

181 1887 316 1926 Maiores
331 1913 341 1928 ,
365 1900 400 1920 ex
424 1889 589 1921 Provinciis
610 1888 646 1920 ad
659 1888 833 1920 Romanam
850 1889 913 1920 Cu-

186 1935 260 1964 riam
285 1933 633 1974 deserrentur„attamen
660 1932 745 1965 hodie
769 1934 799 1964 in
832 1944 914 1964 reve-

184 1979 307 2009 rentiam
333 1978 465 2009 Summae
488 1977 567 2010 Sedis
585 2003 595 2018 ‚
633 1989 666 2009 ac
699 1989 751 2019 pro
774 1978 915 2018 Suprema

183 2023 321 2064 potestate
355 2023 449 2054 eidem
483 2023 512 2054 in
537 2022 687 2054 Universa
713 2022 839 2054 Ecclefia
873 2022 914 2053 di-

182 2068 291 2099 vinitus
314 2067 433 2108 tradita,
459 2067 593 2109 legitimo
626 2068 838 2107 communique
862 2066 912 2098 usu

179 2111 328 2152 invaluit,
354 2123 385 2144 ut
409 2114 438 2144 in
473 2112 623 2154 quibusvis
646 2111 748 2143 Caufis
772 2111 914 2143 Ecclesia-

179 2157 254 2188 sticis
278 2157 310 2188 ad
334 2158 496 2189 Summum
522 2157 696 2188 Pontificem
722 2156 887 2197 appelletur
903 2180 912 2196 ‚

179 2202 216 2232 ita
244 2210 275 2232 ut
313 2200 441 2239 eiusdem
466 2200 644 2234 Sanciiffimi
677 2201 849 2232 authoritate
883 2201 912 2232 in

181 2246 313 2286 suprema
349 2247 479 2278 instantia
512 2246 654 2285 judicetur
675 2270 684 2286 ,
713 2256 775 2277 tum
802 2246 912 2277 Romae

179 2301 229 2331 per
252 2291 365 2329 Judices
390 2291 557 2323 Ordinarios
581 2291 688 2322 ibidem
713 2290 879 2322 constitutos
899 2314 909 2330 ‚

179 2345 243 2368 tum
270 2347 320 2377 per
343 2336 502 2378 Delegatos
525 2338 553 2368 in
578 2337 724 2378 partibus,
748 2347 801 2377 pro
816 2336 909 2367 dixer-

986 198 1064 230 fitate
1088 198 1245 239 locorum,
1277 210 1395 245 morum
1416 223 1426 240 ,
1460 200 1494 231 &
1519 198 1724 234 Contzordato·¹

986 253 1051 273 rum
1069 266 1077 273 .
1318 254 1321 256 ’

1029 288 1147 318 Summi
1172 287 1328 320 Pontifices
1352 288 1426 320 Pius
1451 289 1515 329 IL,
1535 288 1636 328 Julius
1652 288 1718 328 IL,

985 328 1026 360 δ’
1051 330 1201 370 Gregorius
1226 333 1426 364 XIIL-omni
1453 333 1514 370 jure
1539 334 1720 365 damnarunt

985 374 1208 415 Appellationes
1233 387 1249 407 a
1275 377 1352 418 Papa
1379 374 1418 408 'ad
1454 377 1583 409 futurum
1610 378 1720 408 Conci-

987 418 1086 459 lium,
1109 419 1191 457 cujus
1213 419 1407 453 damnationis
1440 421 1536 452 causas
1560 422 1614 453 suis
1637 421 1721 453 Con-

986 463 1178 495 stitutionibus
1202 465 1366 506 explicant.
1389 467 1466 497 Sane
1489 465 1549 504 jam
1576 465 1722 498 antea're*

986 508 1117 548 probatas
1138 511 1339 550 comperimus
1362 520 1379 540 a
1401 508 1515 549 Gelasio
1536 508 1721 551 Appellatio}

986 563 1035 584 nes
1058 553 1171 584 arsede
1194 554 1384 594 Apostolica:
1409 553 1559 595 Siquidem
1583 553 1718 585 odiliam

985 596 1019 627 de
1041 595 1170 637 qualibet
1193 598 1305 628 M'undi
1326 607 1407 640 parte
1423 599 1553 630 canones
1577 597 1719 641 appellare

984 638 1123 672 voluerim
1139 653 1153 678 ‚·
1175 641 1212 671 ab
1235 640 1293 673 illa
1316 650 1411 672 autem
1433 654 1508 673 nemo
1526 642 1565 682 fit
1588 642 1718 685 appella-

984 696 1011 715 re
1032 684 1196 725 permiffus.

1031 729 1178 770 Equidem
1204 731 1348 772 primaevo
1373 731 1509 764 Ecclefiae
1531 732 1584 764 usu
1609 734 1723 765 omnia·

983 773 1131 805 Beneficia
1154 774 1188 805 ad
1214 776 1369 817 Episcopi,
1406 786 1546 818 tanquam
1572 777 1716 809 Ordinarii

984 817 1313 860 Loci‚‘di1pofitionem
1329 845 1340 862 ‚
1365 819 1413 852 seu
1435 821 1628 854 collationem
1654 832 1717 863 per-

984 863 1095 894 tinuille
1121 863 1286 904 videntur;
1322 874 1454 897 attamen
1479 877 1548 897 cum
1575 866 1649 897 sanae
1673 877 1717 897 ra-

983 909 1068 939 tionis
1091 907 1144 949 sit,
1167 918 1200 940 ut
1222 910 1365 941 Summus
1387 909 1420 941 ἃ
1437 910 1622 943 Universalis
1640 912 1717 942 Pon·

985 952 1059 984 tisex‘
1078 952 1206 994 plurium
1231 955 1261 985 in
1287 955 1448 986 Provinciis
1481 956 1637 996 gratiarum
1662 954 1717 986 dis-

983 997 1114 1038 pensator
1138 999 1237 1029 existat
1252 1023 1262 1039 ‚
1285 998 1323 1030 sic
1347 1000 1472 1030 minime
1498 998 1628 1038 injustae,
1654 1000 1716 1031 imo

982 1042 1048 1072 huic
1062 1043 1180 1074 Summi
1195 1067 1204 1081 ,
1226 1042 1259 1074 ὃς
1279 1043 1462 1075 Universalis
1475 1043 1623 1075 Pontificis
1646 1053 1716 1084 qua-

982 1085 1056 1117 litati
1081 1086 1216 1119 consonae
1253 1087 1368 1119 suerunt
1401 1088 1619 1120 Beneficiorum
1654 1089 1715 1119 Re-

982 1130 1155 1162 servationes
1169 1155 1179 1170 ,
1203 1143 1267 1172 quae
1290 1132 1426 1174 deinceps
1442 1133 1608 1165 Nationum
1631 1133 1716 1164 Con-

981 1175 1102 1207 cordatis
1125 1175 1246 1207 firmatae
1265 1201 1275 1216 ‚
1307 1176 1340 1207 &
1374 1176 1531 1218 respefflve
1556 1177 1712 1209 moderatae

981 1219 1068 1252 sunt.
1095 1221 1167 1252 Haec
1190 1220 1399 1261 concordata,
1423 1231 1522 1263 utpote
1547 1222 1611 1253 vim
1637 1220 1713 1262 paEii

980 1263 1136 1305 habentia,
1161 1264 1293 1306 religiose
1316 1267 1440 1298 omnino
1465 1266 1604 1298 servanda
1629 1266 1711 1297 sunt.

980 1309 1174 1342 Declararunt
1207 1319 1305 1342 autem
1342 1310 1440 1352 saepius
1464 1311 1597 1342 Romani
1631 1311 1711 1342 Pon-

982 1354 1072 1385 tifices
1094 1378 1104 1393 ,
1139 1354 1284 1395 signanter
1312 1354 1464 1394 Gregorius
1492 1355 1587 1387 XIII.
1604 1379 1613 1395 ,
1647 1354 1714 1386 lon-

979 1408 1016 1438 ge
1038 1408 1054 1429 a
1079 1397 1128 1429 suo
1161 1399 1279 1430 Animo
1311 1399 1403 1430 abesse
1428 1399 1680 1431 Concor-datorum
1700 1423 1711 1438 ,

979 1442 1160 1474 nominatim
1186 1443 1355 1474 Germania?
1367 1467 1376 1483 ,
1397 1442 1601 1475 infraffionem
1613 1467 1621 1475 .

1023 1487 1153 1518 Annatae
1176 1487 1211 1518 ad
1234 1487 1422 1519 sublevandas
1451 1488 1626 1519 necessitates
1649 1488 1713 1519 Ro-

978 1542 1074 1563 manae
1097 1531 1196 1562 Curiae
1212 1555 1221 1570 ,
1245 1543 1298 1572 pro
1320 1533 1456 1564 omnibus
1468 1532 1602 1564 Ecclefiis
1624 1542 1711 1564 excu-

976 1575 1068 1607 bantis
1086 1599 1095 1616 ‚
1120 1575 1276 1606 laborantis
1294 1600 1304 1615 ,
1328 1575 1361 1607 δι
1386 1576 1513 1617 sumptus
1537 1576 1675 1616 portantis
1700 1600 1710 1617 ‚

974 1631 1025 1660 pro
1049 1620 1187 1661 legitimis
1210 1619 1372 1659 babendoe,
1396 1629 1482 1662 atque
1506 1629 1537 1651 ut
1559 1620 1648 1661 tales,
1673 1631 1709 1652 eo

975 1663 1077 1696 saltem
1102 1663 1190 1705 usque
1224 1665 1380 1696 retinenda:
1404 1665 1469 1696 sunt
1492 1689 1502 1705 ‚
1537 1665 1629 1696 donec
1654 1665 1710 1696 alia

975 1719 1054 1748 :eque
1078 1708 1235 1740 commoda
1258 1710 1366 1741 ratione
1391 1734 1400 1749 ‚
1433 1709 1609 1750 Apostolicae
1631 1709 1710 1741 Sedis

973 1752 1096 1793 judicio,
1122 1753 1314 1785 sustentationi
1332 1779 1341 1794 ,
1366 1764 1450 1795 atque
1466 1754 1625 1786 innumeris
1638 1764 1710 1785 one-

972 1798 1049 1829 ribus
1072 1797 1199 1835 ejusdem
1225 1798 1323 1830 Curiae
1347 1798 1494 1839 provisum
1521 1799 1624 1830 suerit.

1017 1843 1178 1882 Exemptio
1212 1842 1409 1884 Regularium
1443 1845 1455 1880 (
1482 1853 1606 1885 quorum
1646 1854 1710 1874 ma-

973 1898 1031 1928 gna
1053 1887 1085 1918 in
1108 1886 1235 1918 Ecclesia
1259 1887 1298 1919 est
1321 1887 1454 1927 utilitas)
1480 1912 1489 1928 ,
1522 1887 1709 1919 eorumdem-

973 1942 1029 1973 que
1060 1931 1231 1962 immediata
1263 1931 1404 1973 subjestio
1436 1932 1471 1963 ad
1505 1931 1706 1972 Apostolicam

973 1976 1076 2008 Sedem
1090 1999 1098 2015 ,
1123 1975 1260 2017 legitimis
1284 1988 1319 2007 ex
1335 1976 1421 2008 caulis
1437 2000 1445 2016 ,
1471 1977 1500 2007 in
1518 1977 1629 2008 bonum
1646 1987 1706 2007 non

973 2032 1087 2052 tantum
1114 2020 1334 2061 Religiosorum
1359 2021 1527 2061 Ordinum,
1552 2020 1598 2052 sed
1617 2021 1706 2052 etiam

974 2064 1157 2097 Universalis
1181 2065 1316 2097 Ecclefiae
1341 2090 1350 2105 ,
1384 2065 1518 2097 videlicet
1542 2065 1576 2096 ad
1601 2065 1710 2096 facilio-

974 2121 1036 2142 rem
1062 2109 1234 2141 eorumdem
1268 2110 1318 2141 sub
1352 2121 1410 2141 uno
1433 2111 1576 2151 Supremo
1600 2110 1708 2150 Capite

974 2155 1214 2196 gubernationem
1239 2179 1249 2195 ‚
1274 2153 1435 2186 introdufia
1461 2177 1469 2193 ‚
1499 2154 1531 2185 ἃ
1555 2154 1590 2185 ab
1613 2155 1711 2185 omni-

973 2201 1024 2231 bus
1048 2199 1181 2231 Ecclesiis
1205 2200 1323 2241 agnita,
1347 2199 1456 2230 nedum
1481 2210 1496 2229 a
1515 2198 1642 2230 Seculari
1658 2210 1709 2239 po-

972 2245 1068 2276 testate
1087 2269 1096 2284 ,
1119 2243 1165 2275 sed
1189 2255 1241 2275 nec
1266 2244 1301 2276 ab
1325 2255 1381 2275 una
1407 2243 1566 2285 particulari
1590 2242 1708 2281 Synodo

971 2290 1100 2330 abrogari
1128 2288 1227 2320 valet.
1251 2287 1397 2320 Abufibus
1421 2312 1430 2328 ‚
1455 2299 1490 2318 ex
1515 2288 1568 2319 hac
1593 2288 1707 2319 Exem-

971 2334 1069 2376 ptione
1113 2333 1188 2365 nasci
1227 2333 1391 2365 valentibus
1414 2357 1424 2372 ‚
1460 2343 1509 2373 per
1542 2330 1703 2363 Concilium

1329 2380 1360 2409 A
1418 2387 1430 2418 5
1596 2376 1662 2408 Tri-
