1981 2901
951 193 1103 248 (14)

255 264 314 297 qua
338 254 399 296 post
421 254 547 296 plurima
571 251 739 295 singiliatim
758 258 844 293 atque
861 260 993 283 accurate

256 300 409 340 expressa,
441 310 458 331 a
492 300 602 340 Teque
640 306 774 329 revocata
795 321 804 337 ,
838 297 991 329 Animum

254 346 465 386 praeteritorum
485 345 624 376 omnium
640 343 837 384 poenitentem
853 341 991 381 exhibes,

253 400 384 431 eumque
407 391 435 421 in
461 389 585 421 modum
609 396 813 429 comparatum
847 387 901 418 eli'e
925 398 996 418 con·

251 434 378 476 firmas,
403 443 435 466 ut
459 443 553 466 cetera
576 435 688 472 etiam,
712 443 777 473 quae
797 443 856 463 non
882 431 994 473 expres-

255 479 343 520 seris,
368 487 468 512 contra
489 478 667 520 Apostolicae
690 477 770 508 Sedis
791 477 904 508 decreta
918 501 927 517 ,
961 487 995 507 ae

253 523 421 557 doffirinam
445 536 461 555 a
487 524 537 554 Te
562 533 693 564 unquam
719 521 828 563 prolata
850 546 859 561 ‚
897 522 994 553 statim

253 578 287 602 ut
309 570 475 602 admonitus
498 567 583 599 fueris
598 592 608 608 ‚
633 568 685 599 Te
709 567 744 598 ad
780 567 905 598 veritatis
929 578 994 598 nor-

253 626 337 647 mam
380 612 565 645 redac'iurum
599 613 654 644 effe
689 612 848 654 pollicearis
874 636 884 644 .
924 612 991 643 Hoc

253 661 373 697 optimae
397 657 559 691 voluntatis
582 658 660 689 Tuae
699 657 901 689 testimonium
927 657 993 688 Nos

252 698 430 746 perlibenter
463 703 631 743 suscipimus
658 713 666 741 3
702 702 758 734 hoc
796 712 911 734 certum
936 711 993 733 tua:

251 749 418 781 constantiae
443 749 546 790 pignus
569 748 624 778 effe
649 748 850 779 existimamus
876 772 886 779 .
920 748 991 779 Pro-

252 794 320 826 inde
345 794 531 826 remittentes
556 792 632 825 Tibi
669 793 867 835 quascumque
891 793 992 824 Cano-

251 841 328 872 nicas
350 839 383 870 &
408 838 564 880 spirituales
591 850 693 881 poenas
710 863 720 879 ‚
760 838 833 879 Te,
860 839 993 872 Venera-

254 884 318 916 bilis
341 885 440 917 Frater
455 909 465 925 ‚
489 883 568 926 quod
592 893 654 916 tam
671 886 757 916 enixe
781 884 907 916 aNobis
929 883 994 926 sup-

252 930 420 971 pliciterque
444 930 584 970 postulas,
609 930 638 962 in
665 930 804 962 Nostram
820 955 829 970 ‚
864 930 896 962 &
919 931 992 962 San-

251 974 306 1008 &oe
330 974 416 1013 hujus
438 974 517 1006 Sedis
540 975 664 1015 gratiam
687 975 908 1008 reconciliamus
924 1000 934 1016 ‚
957 986 991 1007 ac

251 1020 451 1059 restituinius3
477 1019 554 1051 Tibi
577 1031 702 1061 pacem,
724 1031 814 1062 quam
840 1032 855 1052 a
872 1021 992 1053 Christo

250 1065 387 1098 Domino
411 1065 565 1096 didicimus
589 1089 599 1105 ‚
637 1065 779 1106 largimur
799 1077 807 1104 3
842 1066 916 1098 Tibi
942 1077 990 1105 pa-

250 1121 333 1142 terno
358 1109 500 1151 amplexu
523 1110 721 1149 occurrimiL53
748 1110 800 1141 Te
825 1111 901 1142 inter
917 1109 990 1151 Epi-

250 1155 348 1197 scopos
371 1154 512 1196 Collegas
528 1155 649 1187 Nostros
673 1154 898 1186 adnumeramus
913 1179 922 1195 ,
946 1163 991 1186 at-

249 1211 305 1242 que
329 1201 536 1232 amantissimis
560 1200 666 1232 Verbis
686 1199 797 1231 Filium
820 1201 912 1232 eriam
935 1211 990 1232 no-

248 1248 337 1278 llrum
361 1244 597 1286 compellamus.
623 1246 708 1277 Dum
735 1245 811 1277 hunc
823 1246 990 1287 Nostrum„

248 1300 282 1323 ut
305 1290 406 1332 vides,
430 1300 571 1322 amorem
595 1290 675 1321 Tibi
706 1299 766 1321 tam
802 1290 913 1332 prolixe
938 1290 986 1322 de—

246 1336 385 1376 ferimus,
419 1335 558 1368 eumdem
583 1335 674 1367 etiarn
698 1347 767 1367 cum
793 1335 921 1376 plurima
942 1337 987 1367 tui¹

247 1381 506 1413 commendatione
531 1391 562 1412 ac
601 1380 685 1412 laude
718 1380 778 1418 jam
814 1392 892 1412 nunc
916 1392 989 1412 con-

246 1426 370 1468 jungere
394 1427 522 1457 minime
546 1425 736 1464 dubitamus3
774 1436 868 1466 neque
902 1426 987 1457 enim

247 1471 424 1503 dissimulare
451 1471 616 1512 possumus,
642 1470 669 1500 in
687 1471 760 1502 Tua
785 1470 839 1501 hac
854 1468 986 1502 Aciione

247 1516 373 1557 conspici
397 1527 415 1546 a
439 1515 554 1555 Nobis,
578 1514 612 1545 8(
635 1515 815 1546 docilitatem
840 1515 950 1556 ingenii
975 1539 984 1553 ‚

246 1560 279 1592 &
304 1559 539 1601 magnitudinem
564 1559 656 1590 animi
682 1559 771 1591 Tui.
808 1560 892 1590 Nam
917 1559 987 1602 quid

247 1605 345 1644 majus
357 1617 375 1636 a
386 1606 437 1636 Te
453 1604 535 1644 fieri,
559 1603 628 1645 quid
644 1603 744 1635 fortius
759 1604 870 1645 potuit,
895 1615 988 1646 quam

247 1650 364 1682 discussa
387 1660 518 1682 errorum
544 1648 686 1689 caligine,
711 1661 729 1680 a
751 1649 866 1689 pristina
901 1660 990 1681 men-

247 1697 282 1728 tis
318 1695 446 1727 elatione
471 1694 505 1725 ad
529 1693 686 1726 christianae
724 1692 901 1725 humilitatis
924 1694 988 1726 sen-

246 1741 310 1772 sum
336 1740 452 1772 demitti
477 1764 487 1780 ‚
523 1748 585 1771 tuas
617 1738 745 1777 abjicere
765 1749 797 1770 ac
831 1739 982 1780 reprobare

247 1785 403 1817 sententias
431 1808 439 1823 ‚
475 1785 593 1817 veritati
625 1783 792 1825 posthabere
825 1784 982 1816 exorituros

246 1831 280 1862 de
306 1831 358 1862 Te
397 1841 529 1862 rumores
553 1854 562 1871 ‚
597 1828 808 1870 Temetipsurn
842 1829 984 1870 quodam-

246 1875 336 1907 modo
362 1875 478 1906 vincere
495 1899 504 1915 ,
537 1883 623 1916 atque
647 1875 865 1906 contemnere?
893 1873 982 1913 Quod

247 1930 355 1963 quanto
379 1919 522 1952 difficilius
546 1921 608 1960 eli²
638 1919 836 1961 humanaeque
860 1919 986 1952 Naturae

1053 253 1128 284 vires
1152 250 1293 282 excedens
1315 261 1327 290 ς
1363 260 1448 284 tanto
1471 253 1565 295 magis
1599 252 1792 294 intelligimus:

1051 295 1196 329 abundare
1221 296 1249 326 in
1261 295 1313 327 Te
1336 296 1450 329 divitias
1473 299 1569 339 grati-x
1593 299 1625 329 <Sc
1651 298 1787 330 bonitatis

1053 343 1133 374 Dei.
1158 341 1203 372 Ita
1227 349 1303 372 certe
1327 340 1404 372 Boni
1428 353 1550 382 omnes,
1574 355 1701 385 quorum
1726 356 1792 385 gra-

1055 387 1173 418 villima
1196 385 1270 427 apud
1287 385 1340 417 Te
1363 386 1420 417 effe
1442 386 1547 419 debent
1570 387 1696 429 judicia,
1721 390 1787 420 No-

1055 432 1166 464 biscum
1193 430 1317 463 sentient
1340 454 1352 470 ,
1383 441 1453 462 cum
1478 432 1563 472 Nos,
1588 443 1649 473 quae
1673 444 1791 475 operata

1054 477 1086 509 sit
1111 478 1140 508 in
1165 477 1217 508 Te
1243 476 1374 507 Dextera
1399 476 1547 516 Domini,
1581 477 1677 518 palam
1701 478 1790 511 {acie-

1053 533 1145 554 mus.
1176 521 1233 553 Tu
1270 520 1371 552 itidem
1393 545 1404 561 ,
1442 521 1626 554 Venerabilis
1659 523 1755 556 Frater
1779 549 1789 565 ,

1055 567 1126 599 illud
1150 578 1229 598 nunc
1253 565 1436 608 potiffimum
1460 577 1535 608 age,
1558 577 1590 599 ut
1613 578 1717 600 omnes
1733 570 1791 600 Po-

1052 612 1113 654 puli
1137 612 1252 653 publica
1275 621 1325 643 tua
1341 612 1472 643 veritatis
1493 612 1573 644 aTe
1599 613 1704 655 agnitae
1723 625 1792 650 con,-

1054 657 1195 696 feffione,
1219 656 1383 696 divinaeque
1407 657 1543 696 potenti-az
1567 657 1764 692 celebratione
1779 683 1791 700 ‚

1052 702 1119 743 quid
1145 713 1194 743 per
1218 701 1279 739 ejus
1295 700 1495 732 misericordie:
1518 704 1642 742 gratiam
1665 704 1697 734 [is
1720 715 1790 734 con-

1052 747 1183 788 secutus,
1208 745 1394 787 intelligant.
1419 746 1595 778 Maximum
1620 748 1751 780 existima
1778 773 1789 788 ,

1052 802 1138 835 atque
1175 791 1452 834 opportunissimum
1488 790 1562 823 illati
1595 804 1611 823 a
1645 794 1789 825 Febronio

1052 839 1082 870 in
1095 836 1258 870 Ecclesiam
1273 836 1438 869 detrimenti
1455 836 1585 869 futurum
1602 838 1766 870 remedium
1778 863 1788 879 ,

1052 884 1072 915 fi
1097 884 1153 915 Tu
1177 883 1235 925 ipse
1255 908 1265 923 ,
1298 882 1349 924 qui
1382 893 1431 914 eos
1463 882 1550 914 libros
1573 883 1755 926 conscripsisti
1777 909 1788 925 ‚

1052 928 1169 962 eosdem
1186 953 1196 969 ,
1220 939 1252 960 ut
1267 937 1348 960 erant
1361 937 1446 960 antea
1470 927 1503 958 ad
1521 927 1715 968 plurimorum
1732 929 1787 961 rui-

1049 986 1122 1007 nam
1141 999 1151 1014 ‚
1185 976 1225 1005 ita
1250 984 1328 1005 nunc
1352 973 1386 1003 ad
1410 972 1540 1012 ipsorum
1566 973 1787 1006 aedificationem

1049 1020 1172 1059 refutes,
1196 1019 1372 1056 convincas,
1397 1028 1429 1048 ac
1446 1018 1596 1060 redarguas
1610 1043 1619 1051 .
1644 1019 1706 1051 Etsi
1723 1031 1787 1060 pro-

1051 1064 1139 1095 vecta
1162 1063 1225 1101 jam
1249 1072 1332 1094 aetate
1347 1062 1397 1101 fis,
1423 1063 1541 1104 integris
1565 1073 1665 1096 tamen
1691 1064 1784 1097 adhuc

1050 1109 1122 1149 Te,
1147 1109 1216 1140 Deo
1239 1107 1383 1147 juvante,
1408 1107 1518 1149 pollere
1541 1120 1610 1141 cum
1647 1111 1752 1142 Animi
1774 1135 1784 1150 ‚

1048 1163 1115 1186 tum
1157 1154 1296 1194 Corporis
1336 1152 1442 1184 viribus
1487 1164 1546 1185 non
1584 1155 1752 1196 ignoramus
1775 1179 1787 1187 .

1049 1198 1131 1238 Quid
1148 1200 1240 1240 potius
1256 1199 1340 1240 igitur
1355 1222 1365 1238 ‚
1389 1197 1456 1238 quid
1481 1198 1598 1239 utinm,
1622 1200 1690 1241 quid
1716 1211 1787 1240 prae-

1047 1244 1163 1275 stanti-us
1177 1244 1288 1285 reliquo
1305 1244 1372 1274 vitae
1388 1251 1520 1284 tempore
1545 1243 1627 1276 facias
1639 1269 1647 1285 ‚
1673 1255 1761 1286 quam
1774 1269 1787 1285 ¹„

1048 1299 1079 1320 nt
1104 1300 1161 1331 qua
1184 1299 1279 1320 manu
1302 1288 1424 1320 vulnera
1449 1288 1584 1320 Ecclelice
1599 1290 1786 1331 atqueApo-

1046 1334 1150 1365 stolicae
1173 1334 1242 1365 Sedi
1266 1333 1391 1365 inflixisti
1407 1358 1416 1373 ,
1441 1333 1543 1365 eadem
1577 1334 1631 1366 illa
1661 1334 1720 1376 ipsa
1743 1334 1789 1366 al·

1046 1378 1158 1420 ligare,
1182 1390 1214 1410 ac
1238 1379 1386 1420 persanare
1410 1379 1494 1410 omni
1518 1379 1630 1420 studio,
1654 1391 1686 1412 ac
1703 1379 1787 1412 labo-

1046 1435 1076 1455 re
1100 1423 1253 1455 contendas
1271 1426 1289 1453 Ρ
1322 1423 1422 1455 Habes
1458 1423 1587 1465 profefflo
1612 1424 1751 1465 plurimos
1772 1449 1786 1465 ‚.

1046 1480 1117 1510 quos
1141 1469 1275 1509 imitere,
1299 1469 1522 1510 praecedentibus
1546 1469 1683 1502 Ecclefiae
1706 1479 1786 1501 tem-

1045 1513 1159 1554 poribus
1191 1513 1316 1553 infignes
1347 1513 1380 1543 ἃ
1412 1512 1562 1545 sanRitate
1586 1514 1619 1544 &
1651 1514 1784 1546 doffrina

1046 1558 1159 1596 Viros,
1184 1557 1233 1598 qui
1257 1558 1366 1589 nedum
1392 1558 1489 1598 prioris
1514 1559 1601 1590 :etatis
1624 1567 1716 1589 errata
1738 1569 1783 1590 re-

1045 1601 1167 1634 traciare
1192 1603 1281 1634 veriti.
1302 1614 1361 1634 non
1386 1602 1449 1634 sunt
1464 1627 1473 1643 ‚
1501 1602 1546 1635 sed
1566 1602 1670 1635 eadem
1687 1602 1783 1635 semel

1045 1645 1160 1679 deteeta
1192 1647 1419 1679 constantissime
1452 1647 1614 1685 rejicientes
1640 1673 1649 1689 ‚
1684 1648 1780 1679 maxi-

1045 1703 1129 1722 mam
1166 1691 1221 1723 hoc
1254 1691 1313 1734 ipso
1345 1691 1418 1734 apud
1450 1703 1555 1724 omnes
1587 1693 1641 1725 suo
1663 1693 1784 1725 nomini.

1044 1736 1169 1778 gloriam
1202 1747 1406 1779 compararunt
1429 1738 1441 1775 (
1467 1749 1478 1769 1
1500 1741 1512 1777 )
1534 1762 1546 1769 ..
1577 1737 1634 1776 Eja
1659 1738 1747 1779 igitur
1768 1763 1778 1779 ‚

1045 1782 1227 1814 Venerabilis
1253 1784 1370 1823 Frater,
1394 1794 1467 1816 exere
1499 1781 1573 1815 vires
1596 1807 1605 1823 ,
1640 1783 1691 1815 Te
1717 1783 1783 1824 ipsis>

1042 1828 1075 1859 S,
1098 1828 1217 1865 Ioannis
1240 1827 1445 1866 Chrysoliomi
1469 1828 1562 1860 verbis
1585 1829 1746 1860 excitamus
1767 1853 1777 1869 ‚

1043 1873 1112 1911 (2)
1134 1873 1243 1914 fortiter
1265 1871 1389 1914 dimica,
1414 1872 1538 1904 atrociter
1554 1873 1583 1904 ir}
1605 1872 1703 1913 proelio
1727 1871 1781 1913 istor

1041 1928 1159 1950 concerta
1171 1943 1183 1959 ‚r
1204 1917 1341 1959 considera
1360 1918 1477 1961 pultium
1492 1943 1501 1959 ‚
1526 1918 1709 1950 conditionem
1732 1927 1782 1950 ato*

1675 1973 1733 1996 ten-

292 2059 360 2098 (1)
385 2055 479 2099 Epist.
503 2055 639 2089 Maxl'mt‘
651 2081 660 2097 ‚
695 2055 803 2088 Urhan.
823 2055 919 2089 Sidon.
944 2056 991 2088 &⁹
1006 2055 1137 2089 Machar,
1161 2055 1196 2087 de
1212 2057 1267 2097 βο
1297 2054 1389 2088 reditu
1411 2067 1449 2089 ex·
1467 2054 1615 2097 schismata
1640 2054 1675 2086 L
1708 2053 1784 2086 inter

246 2101 339 2145 Epist.
363 2103 396 2134 S.
420 2101 558 2142 Cypriam.
582 2101 648 2133 edit.
674 2101 769 2141 Paris.
792 2114 853 2133 cum
879 2103 1002 2133 adnotat.
1018 2100 1129 2133 anel.
1154 2114 1219 2134 ann.
1249 2106 1340 2142 1603.
1364 2102 1396 2134 S.
1419 2100 1600 2142 Augustinus
1623 2099 1652 2131 t'n
1663 2099 1781 2139 Prolog„

245 2146 296 2179 til).
319 2146 526 2179 Reti-aetatium
551 2147 632 2179 Tom.
658 2147 683 2178 I.
707 2147 794 2188 Opera
814 2147 882 2179 exiit.
907 2147 1000 2186 Paris„
1025 2146 1186 2179 Belonachor.
1211 2147 1249 2178 S..
1269 2147 1373 2178 IWnuri
1393 2160 1403 2177 .·

1440 2148 1547 2188 Neque
1580 2146 1662 2177 enim
1697 2145 1774 2186 quis-

245 2204 357 2233 quam,
381 2193 435 2223 nili
456 2191 623 2233 imprudens
638 2216 647 2232 ‚
671 2192 735 2223 ideo
759 2193 826 2234 quia
851 2204 916 2224 mea
940 2203 1029 2224 errata
1064 2191 1241 2233 reprehendo
1262 2216 1271 2232 ,
1311 2203 1360 2223 me
1393 2190 1601 2234 reprehendere
1635 2189 1751 2222 audebit
1765 2214 1780 2221 „.

245 2237 299 2269 Sed
323 2237 342 2269 si
366 2237 459 2277 dicit,
484 2248 543 2268 non
569 2249 601 2269 ea
625 2236 748 2268 debuiss‘e
772 2249 788 2268 a
813 2249 862 2268 me
886 2237 940 2270 dici
964 2263 978 2278 ,,
1011 2249 1074 2279 quae
1098 2238 1193 2277 postea
1216 2237 1290 2268 mihi
1315 2238 1404 2268 etiam
1437 2236 1615 2278 displicerent
1628 2247 1643 2275 ᾗ,
1663 2245 1771 2267 verum

243 2283 330 2322 dicit,
354 2282 386 2313 &
411 2293 531 2313 mecum
556 2281 645 2314 facit.
670 2283 786 2314 Eorum
810 2283 919 2324 quippe*
938 2282 1123 2325 reprehensor
1146 2282 1185 2313 est
1203 2307 1212 2323 ,
1246 2293 1372 2324 quorum
1405 2281 1437 2313 ἃ
1461 2293 1517 2323 ego
1541 2281 1604 2314 sum
1625 2305 1633 2312 .
1659 2281 1773 2323 Neque:

245 2328 323 2359 enim
350 2339 385 2359 ea
408 2325 612 2368 reprehendere
635 2327 770 2359 deberem
783 2352 797 2368 5,
819 2327 835 2358 fi
860 2327 955 2360 dicere
975 2327 1151 2360 debuissem.

289 2376 357 2412 (2)
381 2373 470 2404 ξείνη.
492 2371 527 2403 de
550 2371 706 2412 Martyrib.
731 2372 818 2412 ,ngd
840 2383 891 2404 aut
913 2372 989 2406 imit.
1011 2383 1059 2405 aut
1083 2385 1139 2406 non¹
1159 2372 1298 2406 lauchmdi
1314 2372 1407 2413 sunt.
1434 2373 1516 2405 Tom„
1543 2383 1571 2415 3.
1595 2372 1682 2414 O'peru>
1705 2369 1777 2403 edic-0

244 2416 397 2457 Farfffiens,
425 2420 520 2459 1581.
542 2426 611 2459 pag·
633 2419 709 2458 849(-
