1981 2901
876 133 1026 190 (11)

236 248 373 285 Nostras
398 248 500 284 modo
528 247 563 284 in
592 248 698 285 forma
727 249 844 285 Brevis
870 250 1020 287 Litteras
1045 278 1055 294 ,
1096 249 1217 298 quibus
1251 250 1291 286 ad
1327 258 1504 302 utrumque
1539 252 1706 304 respondi«

186 311 259 335 mus
274 327 284 343 ‚
311 297 454 334 audietis
468 326 477 333 .

347 411 529 464 Pcfiremo
559 412 604 452 ab
634 412 755 453 eodem
785 413 882 453 lestae
899 410 997 465 fimt
1026 412 1198 469 Epistolae
1226 413 1438 454 Sanaitatis
1470 417 1551 455 Suae

802 470 851 510 ad
880 484 1073 526 utrumque
1082 499 1094 510 .

286 585 481 623 Venerabili
510 586 620 621 Fratri
647 585 819 621 Clementi
847 576 1046 621 Wenceslao
1071 586 1337 635 ArchiepiscOpo
1363 585 1553 623 Trevirensi
1579 589 1613 624 δε
1638 565 1642 567 λ

451 635 620 682 Episcopo
647 636 869 682 Augustauo‚
897 638 928 670 S,
957 638 998 670 R.
1026 637 1054 670 L
1083 636 1234 684 Principi
1260 635 1431 671 Eleffiori.

319 729 423 762 PIUS
443 729 565 762 PAPA
588 729 785 762 SEXTUS.

275 819 439 852 Enerabilis
471 821 592 858 Frater,
615 818 748 851 Salutem
772 818 805 851 δε
833 819 921 861 Apo-

296 864 427 896 stolicam
452 863 698 896 Benedifflonem
718 888 727 896 .
753 864 841 896 Nihil
865 876 923 896 no-v

186 909 228 942 bis
251 910 356 951 gratius
379 933 390 950 ,
423 919 509 951 atque
541 911 683 952 acceptius
707 909 784 942 Tuis
807 910 925 942 Litteris-

186 956 356 996 contingere
371 965 502 997 unquam
518 956 632 996 potuit,
657 954 845 987 Venerabilis
853 956 921 986 Fra-

185 1010 250 1039 ter3
274 999 347 1032 nihil
372 1000 424 1039 iis,
449 1011 514 1041 quae
539 1000 637 1031 Nobis
659 999 726 1041 ipsae
741 999 926 1041 attulerunt,-

186 1046 348 1086 exoptatius
370 1069 377 1076 .
403 1043 577 1076 Incredibile
601 1044 641 1076 est
655 1068 666 1084 ‚
690 1052 798 1086 quanto
822 1044 888 1076 inde
911 1069 923 1085 ,

187 1100 335 1131 quamque
359 1089 507 1121 immenso
530 1089 634 1131 repleti
658 1089 763 1130 gaudio
788 1089 886 1121 sumus
911 1101 918 1120 :

187 1136 273 1175 idque
297 1135 352 1166 Tu
375 1135 434 1175 ipse
459 1136 552 1176 magis
575 1146 611 1166 ex
628 1134 704 1166 Tuo
727 1134 834 1166 laetitiae
858 1134 920 1166 sen-

187 1179 218 1212 su
242 1179 406 1211 existimare
430 1180 555 1220 poteris,
577 1190 667 1220 quam
692 1179 759 1210 Nos
781 1178 848 1211 ullis
863 1179 921 1210 Ti-

186 1224 217 1256 bi
240 1223 492 1265 significationibus
514 1235 660 1265 exponere
685 1223 854 1255 valeamus.
879 1223 921 1255 11-

186 1269 240 1309 lo,
263 1279 354 1310 quem
379 1269 538 1309 nunciasti,
563 1269 685 1302 successu
701 1293 710 1308 ‚
736 1268 807 1308 illo,
830 1279 919 1310 quern

186 1313 362 1345 transmisisti
376 1338 388 1354 ,
409 1313 631 1346 Retraffationis
654 1312 788 1353 Libello,
813 1313 920 1354 gravis-

187 1358 293 1390 simam
316 1358 461 1390 detraxisti
484 1359 580 1391 Nobis
595 1383 604 1399 ,
628 1370 697 1400 quae.
716 1357 826 1396 jamdiu
841 1359 919 1390 Ani<

187 1414 240 1435 mo
264 1402 352 1434 infixa
376 1413 456 1443 erat,
481 1404 516 1435 de
539 1402 722 1435 Febr-oxiam]-
735 1403 850 1443 Scriptis
865 1402 918 1434 sol-

188 1447 368 1479 licitudinem
392 1459 401 1486 3
435 1458 639 1490 quantumque
663 1456 750 1479 antea
774 1448 808 1478 de
834 1447 920 1478 illatis

187 1492 269 1524 illinc
302 1493 331 1523 in
366 1492 528 1523 Ecclesiam
566 1493 680 1524 damnis
715 1492 886 1523 dolebamus
910 1516 922 1531 ‚v

186 1545 302 1568 tantam
326 1548 402 1568 nunc
425 1537 456 1568 in
481 1536 562 1578 spem
586 1537 750 1569 inducimur
773 1536 833 1568 sore
859 1560 870 1577 ,
890 1546 922 1568 ut

187 1583 221 1613 iis
244 1581 306 1623 ipsis
328 1582 442 1623 Scriptis
465 1581 526 1620 jam
560 1593 576 1613 a
601 1581 650 1613 suo
674 1580 807 1613 A=15t0re
841 1592 923 1622 repu-

187 1626 297 1667 diatis,
317 1627 470 1666 abdicatis,
495 1638 526 1657 ac
549 1627 715 1665 damnatis,
737 1636 851 1667 accepta
874 1626 922 1658 de-

188 1672 328 1703 trimenta
353 1670 444 1702 sarciri
468 1671 587 1703 tandem
611 1682 644 1702 ac
655 1671 733 1703 refici
750 1670 902 1702 videamus
912 1683 929 1702 ,⁴

190 1717 281 1747 Hunc
313 1727 329 1747 a
354 1716 422 1748 Deo
455 1715 516 1756 ipso
548 1717 589 1748 rei
620 1717 734 1748 exitum
767 1726 802 1747 eo
828 1716 922 1756 magis

189 1759 378 1802 expet‘iamus
401 1785 414 1802 7
444 1760 502 1801 quo
527 1762 622 1803 magis
655 1761 731 1793 illius
754 1762 891 1802 Digitum
916 1784 929 1800 ‚⁴

189 1806 254 1838 Cor
277 1805 405 1837 hominis
428 1805 565 1837 altissime
585 1805 791 1847 pervadentem
805 1830 814 1846 ,
839 1815 926 1846 atque

188 1851 401 1883 immutantem
436 1851 618 1893 agnoscimus
636 1875 644 1882 .
669 1851 756 1883 Tuos
789 1850 838 1882 ille
873 1850 927 1881 ser-

190 1906 315 1936 mones,
339 1907 408 1927 cum
432 1896 577 1937 Episcopo
601 1896 838 1937 Myriophytano
862 1894 927 1927 Suf-

189 1941 325 1981 fraganeo
350 1941 425 1973 Tuo
449 1953 466 1972 a
491 1941 542 1973 Te
566 1940 697 1980 habitos,
722 1941 794 1972 Tua
819 1941 846 1971 in
868 1940 927 1981 ipso

190 1985 227 2017 ab
251 1985 362 2017 errandi
386 1986 435 2017 via
459 1986 624 2018 deducendo
657 1985 774 2017 consilia
795 2010 804 2025 ,
839 1985 923 2016 Tuas

191 2029 318 2062 afflones
342 2042 392 2072 pro
418 2031 466 2063 sua
482 2030 592 2072 gloria,
616 2041 701 2072 atque
720 2030 853 2062 Ecclefiae
868 2030 924 2061 uti-

190 2075 272 2108 litate
298 2075 435 2118 susceptas
459 2076 500 2108 sui
523 2077 643 2118 Spiritus
667 2075 766 2107 afflatu
791 2075 924 2107 modera-

191 2121 275 2153 batur
289 2145 299 2162 ,
323 2120 371 2153 sua
394 2133 449 2164 ope
474 2121 656 2163 praefidioque
672 2120 826 2152 muniebat
840 2145 850 2160 ,
873 2131 924 2160 op-

191 2166 439 2209 portunitatesque
463 2178 567 2199 omnes
585 2191 595 2207 ,
627 2165 661 2197 &
683 2165 830 2197 differendi
851 2190 860 2206 ‚
884 2173 926 2195 at-

192 2222 248 2253 que
273 2212 375 2252 agendi
399 2221 533 2254 tempora
556 2211 693 2253 sapientia
718 2210 765 2242 sua
782 2210 925 2252 guberna-

192 2257 257 2288 bat.
284 2256 333 2287 Illi
357 2257 465 2298 igitur,
488 2257 538 2299 qui
561 2257 641 2289 dives
664 2256 703 2288 est
719 2257 747 2287 in
764 2255 926 2287 misericor-

191 2302 256 2341 dia,
281 2302 404 2333 summae
428 2302 671 2343 immortalesque
697 2300 835 2333 habenda:
861 2299 927 2331 sunt

190 2357 209 2378 a
233 2346 328 2379 Nobis
352 2348 470 2389 gratiae,
494 2347 572 2389 quod
595 2346 628 2379 &
653 2347 726 2379 Tua
750 2355 818 2378 vota
837 2369 850 2386 ‚
872 2345 928 2377 stu-

980 730 1046 770 dia,
1068 740 1101 762 ac
1124 730 1264 771 labores,
1286 730 1319 762 δε
1343 730 1462 763 Nostras
1485 742 1544 764 non
1570 730 1714 764 intermisi

981 774 1022 806 sas
1044 785 1139 816 preces
1157 800 1168 815 ‚
1191 787 1224 807 ac
1246 776 1389 815 lacrymas
1410 777 1440 807 in
1464 777 1568 808 Cordis
1591 777 1712 809 humili-

980 828 1039 851 tate
1062 819 1097 851 ad
1120 831 1192 852 eum
1215 820 1288 852 susas
1306 845 1316 861 ‚
1349 830 1411 852 tam
1435 821 1592 853 liberaliter
1616 845 1626 861 ,
1649 830 1713 853 tam

981 864 1108 906 benigne
1142 864 1262 897 tandem
1285 864 1436 907 respexerit
1462 889 1471 897 .
1503 867 1620 898 Verum
1644 877 1716 897 cum

981 909 1017 941 ab
1041 910 1101 951 ipso
1125 911 1199 942 Tua
1221 910 1307 943 fuerit
1329 921 1416 951 opera
1439 935 1449 950 ‚
1481 919 1633 952 tamquam
1658 911 1714 942 suae

981 955 1173 987 miserationis
1188 955 1413 987 instrumentum
1425 979 1435 995 ‚
1459 955 1584 987 adhibita
1595 979 1604 994 ‚
1620 955 1714 996 ipsam

981 999 1056 1032 hanc
1077 1009 1141 1033 tam
1164 1001 1314 1042 egregiam
1339 1025 1348 1040 ‚
1372 1010 1493 1041 tamque
1516 999 1713 1031 excellentem

980 1056 1101 1085 operam
1123 1057 1157 1076 ac
1180 1046 1335 1077 Virtutem
1359 1044 1464 1075 Tuam
1499 1045 1603 1075 intima
1635 1045 1714 1075 Ani-

980 1089 1024 1120 mi
1054 1090 1166 1122 ÷Nostri
1205 1088 1444 1131 comprobatione
1476 1089 1679 1130 prosequimur
1701 1112 1716 1129 ‚

979 1143 1064 1175 atque
1097 1135 1125 1165 in
1159 1133 1285 1165 Coelum
1310 1133 1514 1172 extollimus-7
1545 1133 1678 1175 Tibique
1704 1156 1718 1173 ,

981 1178 1164 1211 Venerabilis
1187 1179 1307 1218 Frater,
1329 1180 1368 1210 ita
1392 1178 1595 1219 gratulamur,
1619 1187 1652 1209 ut
1666 1178 1714 1209 ni-

980 1223 1022 1255 hil
1045 1235 1175 1265 unquam
1199 1234 1217 1255 a
1239 1223 1292 1255 Te
1317 1223 1345 1255 in
1371 1223 1445 1255 Tuo
1470 1222 1721 1263 Episcopalimw-

979 1279 1047 1301 nere
1071 1280 1166 1310 neque
1189 1267 1338 1310 gloriosius
1359 1292 1371 1308 ,
1393 1278 1487 1309 neque
1510 1267 1606 1298 utilius
1631 1267 1714 1299 susci-

979 1315 1007 1356 pi
1031 1338 1041 1354 ‚
1073 1324 1159 1355 atque
1192 1313 1267 1344 effici
1303 1313 1421 1354 potuisse
1445 1311 1614 1353 Apostolica
1640 1323 1717 1344 voce

979 1358 1184 1400 praedicemus.
1208 1359 1334 1389 Summa
1358 1358 1412 1388 elle
1437 1357 1508 1388 Tua
1534 1356 1658 1388 fatemur
1676 1356 1715 1388 de

978 1402 1096 1442 Nobis,
1118 1402 1153 1433 de
1172 1401 1282 1433 San&a
1313 1401 1367 1432 hac
1390 1400 1461 1433 Sede
1485 1425 1496 1441 ,
1530 1401 1718 1442 Ecclesiaque

979 1446 1130 1478 Universa
1154 1447 1257 1478 merita
1283 1470 1295 1487 ‚
1327 1457 1358 1478 ac
1382 1446 1513 1476 maxima
1537 1446 1602 1477 inde
1622 1470 1632 1485 ,
1656 1457 1713 1477 nec

980 1503 1110 1533 unquam
1144 1492 1290 1522 interitura
1322 1491 1460 1522 accessisse
1497 1489 1531 1521 ad
1565 1490 1712 1530 pristinam

982 1537 1085 1568 Tuam
1112 1535 1201 1568 laudis
1238 1547 1270 1566 ac
1303 1535 1456 1575 splendoris
1487 1534 1712 1574 amplitudinem

983 1592 1060 1613 verae
1083 1580 1235 1621 solidaeque
1266 1578 1366 1620 gloriae
1396 1588 1568 1610 ornamenta
1592 1603 1601 1610 .
1639 1579 1714 1610 Haec

981 1626 1091 1657 eximia
1123 1625 1233 1656 Nostra
1266 1623 1302 1655 de
1325 1623 1377 1654 Te
1402 1622 1504 1660 judicia
1538 1624 1600 1664 pari.
1621 1624 1712 1655 etiam

980 1670 1130 1711 gratissimi
1154 1669 1265 1701 Animi
1287 1668 1474 1708 testimonio,
1498 1667 1664 1708 summique
1684 1667 1718 1699 itt

986 1714 1037 1746 Te
1061 1714 1168 1745 amoris
1186 1737 1196 1753 ,
1231 1713 1449 1744 existimationis
1473 1735 1483 1752 ,
1507 1723 1540 1743 ac
1564 1712 1644 1744 studii
1669 1712 1717 1744 de-

985 1758 1143 1790 claratione
1167 1757 1354 1790 cumulamus
1379 1780 1389 1789 .
1412 1756 1539 1788 Proinde
1560 1757 1636 1798 quod
1661 1757 1718 1788 Tu

985 1815 1062 1835 nunc
1086 1815 1103 1834 a
1128 1803 1225 1834 Nobis
1248 1802 1441 1834 vehementer
1463 1810 1579 1842 exoptas
1597 1825 1609 1841 ,
1631 1810 1721 1843 atque

985 1848 1123 1890 efflagitas
1146 1871 1156 1888 ,
1180 1856 1213 1879 ut
1237 1846 1448 1879 Venerabilern
1472 1847 1602 1878 Fratrem
1627 1847 1716 1884 Joan-

986 1904 1056 1925 nem
1099 1892 1261 1924 Nicolaum
1296 1891 1475 1932 Episcopum
1510 1890 1721 1932 Myriophyta-

987 1937 1198 1975 numljamdiu
1223 1937 1427 1976 aberrantem,
1451 1947 1483 1967 ac
1507 1936 1541 1967 ad
1561 1937 1627 1966 Nos
1651 1946 1717 1967 mo-

982 1984 1019 2015 do
1042 1991 1260 2021 revertentem,
1291 1982 1320 2012 in
1344 1981 1466 2021 gratiam
1491 2005 1500 2021 ,
1538 1980 1719 2012 benevolen-

983 2030 1114 2069 tiamque
1138 2023 1278 2058 Nostram
1303 2025 1482 2057 restituamus
1505 2050 1514 2065 ,
1540 2035 1720 2067 magnopere·

981 2072 1099 2115 quidem
1124 2070 1282 2113 gaudemus
1306 2071 1334 2101 in
1352 2081 1410 2111 eo,
1434 2070 1510 2112 quod
1523 2071 1628 2102 Nostra
1638 2071 1719 2101 Ani-

983 2119 1025 2150 rni
1051 2115 1217 2149 indufflone
1240 2115 1420 2156 cupidissime
1435 2115 1579 2156 praestituri
1600 2114 1720 2154 sumus,

983 2174 1042 2195 una
1068 2163 1157 2194 etiam
1182 2162 1249 2192 Nos
1272 2161 1326 2192 effe
1351 2159 1425 2192 Tuo
1450 2160 1515 2191 huic
1544 2159 1721 2201 gravissimo

984 2207 1127 2250 postulato
1150 2205 1283 2248 praeclare
1308 2203 1513 2236 satisfafflros.
1539 2206 1719 2246 Itaqueom-

985 2254 1032 2286 nia
1055 2276 1064 2293 ‚
1097 2261 1181 2294 prout
1215 2250 1276 2283 fieri
1300 2261 1316 2280 a
1339 2250 1435 2282 Nobis
1458 2250 1534 2291 cupis
1553 2274 1562 2290 ,
1600 2249 1635 2280 ab
1660 2247 1720 2289 ipso

986 2307 1071 2330 antea
1104 2298 1134 2328 in
1158 2294 1334 2337 Apostolicae
1360 2295 1445 2333 hujus
1468 2293 1545 2327 Sedis
1571 2293 1721 2325 Ecclefiae-

987 2354 1044 2384 que
1078 2343 1146 2383 Jura
1179 2351 1332 2384 perperam
1365 2350 1452 2382 atque
1484 2338 1643 2372 inconsulte
1680 2337 1722 2369 di,-

1604 2382 1652 2416 &a
1666 2405 1681 2423 ‚v
