1981 2901
919 181 936 239 (
973 188 1026 227 16
1054 182 1072 237 )

231 244 281 281 ies
307 241 414 279 animi
443 243 636 291 plerumque
663 238 864 290 capiuntur,
892 240 1014 288 pudore
1042 247 1148 274 errata
1176 239 1230 276 sua
1256 239 1439 279 confitendi
1470 255 1480 292 3
1525 238 1577 276 sed
1605 236 1769 275 summam

232 293 364 341 ingenii
393 293 601 328 docilitatem
639 305 676 327 ac
717 291 838 325 miram
867 289 972 324 animi
1015 288 1252 324 fortitudinem
1293 292 1328 326 in
1364 291 1561 328 damnandis
1596 290 1768 326 sententiis

233 342 324 387 suis,
351 342 446 391 seque
474 342 545 390 ipso
574 354 634 390 pro
661 340 804 375 veritate
830 339 1020 383 abjiciendo
1054 366 1063 382 ,
1092 338 1301 374 declaravit.
1342 342 1513 377 Audiatur
1538 340 1592 376 hic
1620 340 1768 376 Ambro-

233 392 295 428 ssus
314 421 324 438 ‚
361 393 453 440 cujus
480 391 590 426 verbis
617 390 696 425 dum
724 389 883 424 Febronii
912 389 1021 424 laudes
1050 391 1264 424 cumulantur
1293 416 1302 432 ‚
1343 390 1439 437 vulgi
1466 389 1607 425 stuititia
1634 389 1768 425 detesta-

231 451 311 478 tur:
341 443 477 478 Amicus
504 442 565 477 Dei
589 468 599 484 ‚
635 440 784 486 Propheta
812 439 873 474 Dei
894 467 902 483 ‚
932 443 1002 473 Rex
1028 440 1067 474 ab
1095 439 1156 485 ipso
1182 439 1290 473 eIeHus
1317 441 1401 482 Deo,
1439 440 1481 474 ἔθ’
1508 438 1613 473 κνιέἶιις
1647 440 1678 474 in
1706 444 1770 474 Re-

227 506 326 541 gnum
342 520 351 536 ‚
372 492 513 539 flagellis
535 491 568 535 se
588 489 770 536 spontaneus
797 490 958 535 offerebat,
986 503 1036 523 nec
1061 489 1246 533 erubescebat
1275 503 1294 532 ,⁸
1336 489 1378 522 (9¹
1404 492 1456 524 Tu
1482 489 1622 534 crubescis
1645 487 1657 522 Ξ
1700 492 1771 525 Non

230 543 361 577 multum
390 542 445 583 ista
471 539 653 575 verecundia
679 539 754 574 Tibi
781 539 999 586 opitulabitur,
1026 552 1091 573 cum
1119 540 1162 573 ad
1180 541 1210 583 J
1213 538 1348 572 udicium
1375 539 1438 573 Dei
1463 538 1602 573 venerJ's:
1628 540 1690 572 Sed
1714 550 1770 585 pu-

231 592 314 628 doris
340 595 384 627 Te
413 590 500 633 istius
524 588 680 637 paenitebit
696 617 705 633 ,
733 603 798 623 curn
826 589 857 623 in
886 588 1034 636 conspeelu
1061 602 1117 623 non
1139 588 1238 632 filum
1264 589 1440 633 hominum,
1462 589 1519 634 sed
1546 588 1636 623 etiam
1663 591 1772 634 „ffage-

231 643 328 677 Iorum
356 646 396 676 (9¹
425 640 555 675 onmium
583 639 768 681 Pon-statum
795 639 963 682 Cri-[estium
991 638 1165 680 constitutus
1180 665 1189 680 ‚
1218 638 1335 684 coeperis
1357 649 1482 684 peccata
1505 638 1628 686 propria
1652 651 1708 672 non
1724 651 1772 671 ne-

228 705 327 739 gare.
344 718 372 726 ..
400 693 472 726 Non
498 689 564 736 effet
591 688 678 724 hodie
705 690 736 723 in
763 690 861 736 requie
881 689 1024 735 servulus
1051 701 1132 722 meus
1152 691 1182 731 J
1185 689 1220 722 ob
1244 715 1253 730 ,
1287 687 1321 729 fi
1346 687 1504 733 erubuiffec
1530 699 1589 722 tres
1615 689 1681 721 illos
1709 691 1774 721 Re-

227 755 282 789 ges
308 741 431 778 Amicos
451 740 551 788 [11053
581 753 630 774 nec
658 739 717 786 ipse
744 739 877 783 David,
897 739 929 781 fi
956 736 1113 783 erubuisset
1132 765 1141 781 ‚
1169 737 1281 772 deliHa
1303 743 1428 784 propria
1455 736 1589 781 confiteri
1616 763 1772 773 .....

231 795 279 827 Et
308 792 379 838 qnia
406 802 526 838 uterque
553 803 650 824 eorum
679 804 735 824 non
763 790 881 825 erubuit
902 789 1052 833 fabiorum
1074 788 1197 834 suorum
1222 788 1353 834 pretium
1390 788 1421 822 in
1463 801 1528 822 mea
1562 798 1667 833 ponere
1689 799 1773 834 pote.

224 842 327 885 flate,
354 855 415 876 meo
437 841 470 886 se
492 840 612 887 judicio
638 839 848 888 voluntatique
875 839 1084 886 committere3
1126 852 1176 872 nec
1203 840 1273 884 Ego
1298 839 1336 872 de
1366 838 1481 872 talibus
1507 837 1649 872 Servulis
1674 840 1773 873 erube-

225 892 309 938 scam
339 919 349 935 ,
391 902 425 926 ut
451 892 597 938 appellem
634 891 757 925 Amicos
775 905 778 908 ·
797 904 874 925 meos
897 917 906 934 ‚
948 890 1000 937 qui
1028 903 1123 923 meam
1151 888 1327 931 studuerint
1349 889 1448 933 facere
1473 889 1663 922 voluntatem
1692 887 1773 936 (Ι).

230 937 400 977 Accedere
426 940 530 976 etiam
559 941 598 975 ad
627 940 725 988 ipsius
753 940 909 976 meritum
941 940 1056 983 debet,
1085 938 1174 987 quod
1202 952 1277 974 cum
1317 952 1335 974 a
1363 937 1545 986 perniciosa
1582 937 1774 974 dissensione

231 990 301 1040 ipse
331 992 397 1038 jam
425 989 612 1026 disceffiffet
640 1018 649 1034 ‚
692 991 732 1025 ab
759 991 872 1026 eadem
902 989 1020 1026 itidem
1058 988 1115 1024 suo
1151 990 1308 1033 exemplo
1350 987 1444 1023 brevi
1474 987 1692 1023 abdue‘tumm
1718 1002 1774 1025 eos

231 1040 459 1084 confidamus,
487 1040 545 1088 qui
574 1041 731 1075 haetenus
758 1041 871 1085 illius,
898 1051 1070 1085 tamquam
1099 1038 1147 1072 sui
1176 1037 1356 1082 Duffioris,
1384 1038 1472 1085 signa
1501 1037 1575 1073 sunt
1602 1038 1723 1074 secuti.

280 1091 316 1127 Si
345 1090 503 1130 Dioscori
531 1090 713 1133 interitus,
741 1091 798 1138 qui
828 1091 863 1124 in
892 1089 946 1124 sua
975 1087 1137 1123 sentiendi
1166 1087 1332 1136 pravitate
1360 1089 1476 1132 obiit,
1504 1098 1540 1123 ut
1569 1087 1684 1124 scribit
1701 1091 1774 1125 Leo

231 1144 382 1190 Magnus
411 1141 487 1188 (2),
516 1141 547 1174 in
571 1141 768 1188 profundiora
795 1139 904 1186 dejecit
930 1138 1050 1185 afleclas
1077 1138 1142 1184 ejus
1169 1165 1178 1182 ,
1217 1139 1258 1172 (Ὺ
1282 1137 1419 1185 perfidiae
1447 1139 1591 1173 incentore
1612 1139 1735 1183 sublato
1762 1168 1772 1183 ‚

231 1192 387 1235 instabiles
412 1192 570 1238 qnaedam,
600 1191 642 1224 (J
669 1190 840 1236 insipientes
866 1189 975 1224 animae
1002 1190 1131 1231 habent,
1160 1189 1239 1235 qnod
1260 1199 1425 1235 paveant,
1453 1201 1509 1222 non
1537 1189 1668 1232 habent,
1696 1191 1776 1236 quod

227 1244 395 1290 sequantur
416 1256 435 1284 ;
470 1242 583 1289 quales
619 1253 707 1276 nunc
736 1240 796 1275 ess'e
824 1238 1028 1275 Febroniani
1057 1239 1177 1273 debent
1202 1266 1211 1281 ,
1253 1238 1441 1273 Auctorem
1469 1237 1562 1273 suum
1589 1238 1739 1274 videntes
1765 1267 1777 1284 ‚

234 1306 303 1329 non
333 1292 399 1339 jam
428 1291 619 1326 extinffium
641 1319 650 1334 ,
678 1290 729 1325 sed
757 1290 975 1325 immutatum
1007 1317 1016 1333 ,
1059 1288 1111 1323 sed
1152 1288 1360 1324 Seli’catorum
1398 1288 1552 1324 omnium
1594 1287 1630 1323 in
1672 1288 1777 1338 seipso

234 1343 452 1378 damnantem
479 1340 625 1376 errores?
654 1341 794 1376 Habent
821 1340 876 1375 illi
904 1340 1008 1375 adhuc
1036 1352 1133 1388 quem
1163 1338 1359 1387 sequantur,
1387 1339 1409 1374 fi
1440 1338 1511 1387 ipso
1540 1348 1702 1387 praeeunte
1729 1353 1777 1374 re-

235 1392 306 1428 dire
334 1392 373 1426 ad
401 1391 551 1426 officium
570 1418 579 1433 ‚
606 1390 647 1424 ad
674 1390 851 1425 sanitatem
881 1391 989 1424 velint
1018 1402 1029 1437 3
1072 1389 1117 1423 fin
1146 1397 1287 1423 renuant
1313 1417 1322 1432 ‚
1357 1391 1391 1424 ἃ
1427 1388 1463 1424 in
1500 1388 1555 1424 sua
1591 1389 1777 1425 defeffione

234 1441 429 1491 persistant,
455 1440 535 1489 quid
566 1441 631 1485 jam
658 1439 728 1474 illis
756 1439 938 1488 supererit,
965 1438 1114 1473 den-affin
1143 1440 1261 1481 Duce,
1298 1438 1357 1474 nisi
1386 1447 1422 1474 ut
1449 1438 1569 1474 incerti
1599 1450 1741 1487 paveant
1767 1468 1777 1484 ‚

236 1491 364 1531 confusi
391 1501 428 1526 ut
455 1489 670 1526 erubescant.
697 1489 771 1535 Qui
798 1488 890 1524 enim
918 1488 948 1523 se
975 1502 993 1523 a
1022 1490 1174 1523 Romana
1202 1488 1345 1523 Ecclesia
1375 1488 1549 1536 sejungunt
1575 1516 1583 1532 ‚
1612 1489 1647 1524 in
1676 1503 1779 1537 eaque

237 1541 453 1578 constitutam
482 1539 662 1574 Unitatem
691 1539 873 1582 dividunt,
902 1539 978 1574 dum
1008 1536 1238 1572 amantiffimae
1267 1537 1327 1571 suae
1355 1537 1480 1572 Matris
1507 1537 1611 1572 smum
1649 1540 1681 1573 3<
1709 1553 1778 1574 am.

236 1593 373 1642 plexum
400 1588 548 1625 recusant
572 1617 582 1633 ‚
609 1601 745 1624 omnem
773 1587 864 1624 suam
894 1587 1106 1624 substantiam
1143 1586 1231 1634 quasi
1273 1586 1404 1635 profugi
1441 1589 1474 1622 &
1515 1586 1631 1635 inopes
1658 1588 1778 1637 disper·

239 1650 347 1691 gunt.
375 1643 618 1675 Verumtamen
647 1648 785 1687 pergant
813 1638 889 1682 illi,
918 1651 997 1686 quas
1024 1636 1162 1672 libuerit
1187 1664 1196 1680 ,
1232 1636 1360 1671 fraudes
1387 1636 1582 1684 insidiasque
1610 1638 1686 1674 huic
1714 1642 1778 1675 Ec-

240 1691 341 1727 clesiae
369 1690 507 1731 struere,
535 1698 633 1737 atque
659 1688 781 1723 inferre
809 1688 1019 1731 calumnias,
1047 1688 1080 1722 8<
1097 1714 1106 1730 ,
1134 1696 1170 1722 ut
1198 1686 1306 1735 magis
1333 1686 1438 1722 adhuc
1464 1687 1653 1723 obt1·e&ent
1679 1717 1688 1732 ‚
1715 1693 1778 1726 Sae.

241 1741 310 1777 culi
340 1739 561 1775 potestatibus
588 1739 738 1774 eamdem
766 1738 934 1781 obstitere,
961 1747 1061 1786 atque
1088 1736 1250 1772 adversari
1278 1738 1424 1772 clament
1452 1749 1462 1785 3
1507 1746 1618 1772 tamen
1646 1740 1699 1774 vel
1727 1739 1779 1774 in-

242 1791 309 1827 viti
337 1789 518 1839 agnoscant
545 1802 582 1824 ac
609 1788 776 1824 fateantur
803 1788 924 1823 necesse
951 1787 994 1822 est
1024 1815 1032 1830 ‚
1074 1798 1199 1835 quanta
1225 1800 1313 1822 nunc
1342 1786 1384 1821 iis
1411 1787 1622 1823 auctoritatis
1659 1788 1779 1834 species

243 1840 432 1884 decesserit,
461 1847 625 1888 quamque
652 1838 687 1873 in
718 1847 867 1886 apertum
904 1847 1056 1886 aggerata
1093 1837 1152 1872 illa
1189 1836 1342 1871 falsitatis
1384 1847 1574 1872 commenta
1611 1838 1779 1877 moseran-

243 1902 318 1927 tur.
347 1893 465 1938 Neque
494 1890 523 1924 se
552 1902 675 1938 magno
702 1888 857 1923 similiter
883 1887 1066 1922 errantium
1095 1900 1233 1922 numero
1261 1885 1346 1921 tueri
1375 1896 1560 1934 poterunt,
1589 1887 1714 1936 sibique
1740 1890 1780 1925 de

244 1940 464 1977 multitudine
492 1939 660 1988 blandiri3
690 1949 727 1974 ut
755 1938 846 1973 enim
873 1938 1069 1973 Ambrosius
1095 1935 1225 1985 egregie
1253 1935 1386 1971 monuit
1415 1936 1494 1985 (3):
1535 1939 1711 1973 Multitudo
1730 1941 1778 1985 so.

245 1993 354 2026 ciorum
382 1990 592 2037 impunitatem
620 2003 676 2023 non
698 1989 777 2033 facit
800 1988 961 2023 criminum
990 2001 1004 2022 .·
1044 1990 1128 2023 Nam
1157 1987 1187 2020 in
1215 1988 1343 2021 Sodoma
1372 1987 1414 2020 (9⁴
1440 1988 1603 2021 Gomorrha
1631 2016 1640 2031 ‚
1679 1990 1719 2022 (9⁶
1747 1991 1780 2023 in

247 2042 318 2075 totis
345 2041 473 2088 quinque
500 2039 680 2074 civitatibus
707 2039 938 2073 innumerabiles
965 2037 1064 2085 nilque
1090 2036 1273 2073 habitabant
1298 2036 1410 2084 Populi
1437 2063 1447 2080 ‚
1490 2038 1532 2070 C'J'
1566 2051 1663 2073 omnes
1695 2041 1780 2086 pari-

246 2101 339 2128 ter..
358 2116 365 2124 .
393 2090 488 2136 igneis
515 2089 661 2126 imbribus
688 2089 935 2136 conflagrarunt.

1656 2142 1730 2176 Nos

296 2243 318 2318 (h
323 2253 335 2274 1
350 2245 363 2283 )
378 2240 577 2319 ginffl'anjn
601 2241 686 2284 Psal.
709 2240 822 2275 David.
849 2254 900 2284 37.
924 2254 951 2274 n.
978 2251 1027 2284 51.
1054 2241 1135 2273 Tom.
1158 2240 1184 2273 I.
1207 2239 1290 2282 Oper.
1313 2238 1363 2272 col.
1389 2241 1461 2282 838.
1485 2238 1568 2272 Edit.
1592 2239 1688 2281 Paris.
1713 2243 1781 2275 Mo<-

248 2299 298 2320 WHC
319 2299 354 2319 ΟΥ.
403 2311 410 2318 .
477 2299 537 2319 aur!
553 2311 561 2319 ·

293 2333 361 2371 (z)
387 2330 478 2374 Epist.
508 2343 580 2364 111.

251 2421 278 2456 P
294 2378 307 2413 (
316 2380 362 2463 J)
386 2377 449 2410 Lib.
473 2377 507 2410 de
530 2377 616 2422 Lapſs
641 2377 721 2419 Virg-
746 2378 858 2419 consecr.
882 2387 942 2421 cap.
953 2389 982 2420 9.
1005 2389 1033 2411 n.
1056 2387 1110 2419 41.
1137 2376 1220 2409 Tom.
1245 2375 1382 2418 ILOper.
1405 2372 1454 2408 col.
1471 2379 1545 2418 316.
1563 2374 1701 2419 supracit.
1713 2379 1780 2412 edit.

280 2432 321 2455 ar!
336 2433 387 2455 16η·
