1981 2901
939 189 1063 246 (6)

231 251 325 291 Judici
349 250 424 284 mihi
447 249 523 284 olim
544 250 690 286 'reddenda
715 249 767 283 erit
790 249 884 290 ratio,
907 249 969 281 ani-

229 308 316 329 mum
351 297 504 337 allevare,
538 298 741 329 caecutientem
774 295 966 333 illuminare,

229 341 413 373 aberrantem
447 341 582 373 reducere
600 365 611 381 ‚
648 348 817 381 torpentem
841 339 965 370 excitare

226 385 353 427 digneris
363 384 520 423 confinis,
544 385 649 425 Juffis,
673 395 705 415 ac
721 382 878 424 praesertim
903 382 967 424 plue

225 431 338 462 rimuru
374 427 487 459 valenti
519 429 593 470 apud
631 430 735 461 Deum
771 427 942 459 Precatione
956 450 966 459 .

224 475 306 513 Quae
327 473 429 504 omnia
447 497 457 512 ‚
491 483 523 505 ut
546 473 718 514 Apostolica
752 471 965 504 Benedictione

227 518 304 550 mihi
329 517 504 550 confirmare
529 518 602 550 velis
617 543 628 559 ,
651 518 847 550 vehementer
870 528 887 548 a
912 517 966 549 Te

224 573 293 606 peto
308 588 318 604 ‚
341 564 391 604 qui
415 562 543 595 finaliter
567 575 617 596 me
632 588 642 605 ,
675 574 832 606 gregesque
865 562 960 602 mihi,

225 617 292 640 utut
325 608 444 649 indigno
467 632 477 648 ,
510 609 678 640 commissos
720 616 848 649 paterna?
882 607 961 638 Tuae

225 652 438 686 benevolentiae
460 653 694 694 commendans,
717 652 900 695 filialemque
919 662 963 684 re-

1030 249 1194 281 verentiam
1217 248 1250 282 &
1264 260 1398 283 amorem
1421 247 1530 282 humili
1541 248 1695 282 Sacrorum
1708 249 1764 281 Pe*

1028 293 1103 326 dum
1125 293 1224 326 osculo
1249 295 1385 336 profitens
1408 295 1566 327 subscribor

1117 382 1429 416 SANCTITATIS
1451 384 1555 416 TUAE

1029 472 1282 506 Ehrenbreitstein
1304 472 1351 506 die
1378 483 1415 515 15
1453 474 1639 506 Novembris
1677 477 1761 517 1778

1026 563 1175 603 Devozffs.
1186 587 1196 603 ,
1210 562 1250 596 <9¹
1265 563 1454 605 Obedt'entiss.
1469 565 1575 597 Servus
1585 589 1595 606 ,
1608 564 1651 596 Θ
1665 564 1764 598 Filius

1137 607 1283 640 Clemens
1294 609 1487 642 wenceslaus
1494 609 1742 652 Archiepil'copus
1750 634 1763 650 ‚

1207 650 1241 684 &
1264 650 1389 684 Elector

347 768 450 803 Nunc
478 766 609 803 animos
636 767 758 803 vestros
785 765 825 801 ad
853 764 1098 801 Febronianam
1126 764 1418 801 Reti-aetationem
1447 765 1633 803 advertite.

282 882 388 925 Idem
409 887 460 924 R.
481 888 527 925 P.
548 888 599 925 D.
620 888 711 941 Stay
748 884 842 940 legit
871 861 1182 924 Retiaezationem
1196 881 1369 942 Episcopi
1387 883 1672 940 Ilffyiiophytani
1689 913 1700 935 ‚

724 941 956 999 Suffraganei
988 943 1222 998 Trevireqfis
1239 972 1249 982 .

348 1060 630 1094 BEATJSSIME
666 1061 822 1094 PATER

225 1151 291 1228 SI
315 1150 383 1193 quid
410 1149 483 1183 mihi
508 1153 538 1184 in
562 1152 716 1195 longaeva,
740 1151 772 1182 δ(
793 1150 827 1182 ad
848 1150 962 1182 exitum

298 1196 464 1228 declinante
490 1199 550 1229 vita
583 1199 686 1230 evenit
719 1197 795 1228 triste
829 1196 862 1227 ὃς
885 1207 962 1227 acer-

224 1241 298 1273 bum
322 1243 334 1279 (
355 1251 517 1274 evenerunt
540 1252 641 1275 autem
658 1242 733 1274 haud
758 1253 846 1283 pauca
867 1244 901 1282 )·‚
925 1240 961 1272 il-

223 1285 273 1318 lud
296 1287 434 1318 omnium
460 1288 652 1329 maximum,
685 1287 717 1319 δε
741 1287 845 1319 intima
871 1285 961 1319 visce-

222 1342 291 1363 rum
314 1341 464 1373 penetrans
487 1332 547 1372 est,
571 1333 648 1374 quod
674 1344 722 1374 per
744 1331 960 1364 Reverendiffi-

222 1387 332 1417 mum,
355 1376 388 1407 &
410 1377 631 1409 Sereniffimum
646 1379 815 1410 Dominum
835 1375 960 1409 Archie-

224 1421 378 1462 piscopum
394 1433 512 1463 meum,
524 1422 674 1454 Pastorem
692 1422 958 1462 vigilantissimum,

221 1465 257 1496 ad
272 1477 322 1497 me
337 1468 490 1508 pervenit,
514 1465 708 1500 Sanffltatem
725 1466 862 1499 Vestram
887 1464 960 1497 indi-

222 1521 281 1551 gne
305 1509 378 1542 serte
410 1510 513 1552 plura,
537 1524 600 1553 quae
624 1513 654 1544 in
665 1512 758 1543 Libris
779 1511 882 1549 Justini
907 1511 958 1543 Fe-

225 1554 321 1586 bronIi
346 1579 356 1595 ,
387 1554 436 1587 seu
459 1558 565 1596 quovis
588 1556 646 1588 alio
670 1556 809 1588 adscititio
834 1556 957 1588 nomine

224 1611 242 1631 a
258 1610 308 1631 me
324 1598 489 1640 evulgatis,
513 1608 563 1630 aut
586 1600 659 1632 forte
682 1600 773 1632 etiam
798 1599 873 1632 mihi
898 1600 959 1640 sup-

224 1643 321 1685 positis
356 1644 572 1684 continentur,
605 1653 707 1685 utpote
730 1646 862 1677 Summae
895 1644 959 1676 Sedi

225 1688 364 1727 injuriosa
383 1712 393 1728 ,
427 1699 481 1721 nec
505 1700 566 1721 non
599 1688 738 1729 supremis
761 1688 822 1727 ejus
845 1690 960 1728 Juribus

224 1733 428 1775 detrahentia,
453 1735 536 1775 proin
561 1733 676 1767 Sandhe
688 1734 801 1766 Nostrae
826 1733 958 1775 Religio-

226 1780 257 1811 ni
291 1781 304 1817 (
327 1779 395 1811 sane
418 1788 519 1823 praeter
552 1778 584 1811 ὃ(
616 1788 717 1812 contra
740 1790 841 1811 meam
865 1779 958 1812 inten-

227 1825 366 1863 tionem)
391 1825 479 1857 noxia
491 1849 500 1856 .

270 1870 355 1901 Cum
380 1878 478 1903 autem
503 1869 577 1903 nihil
601 1869 714 1912 majus,
740 1870 772 1902 ὃς
789 1870 863 1902 Viro
879 1869 959 1903 bono

225 1914 337 1956 dignius
361 1914 412 1956 fit,
437 1927 527 1956 quam
552 1916 687 1957 agnitum
720 1926 847 1948 errorem
872 1916 960 1948 confi-

225 1960 299 2001 teri,
323 1958 355 1990 &
379 1961 552 2001 praeteritam
577 1960 694 2002 culpam
728 1960 896 1994 melioribus
918 1960 958 1993 fa-

227 2003 280 2036 &is
304 2005 467 2045 redimere3
484 2005 520 2038 fic
536 2006 681 2048 imprimis
695 2005 818 2049 agnosco
833 2030 843 2046 ,
867 2004 900 2037 ὃς
911 2006 960 2039 de-

227 2049 285 2082 fleo
311 2061 440 2082 errorem
464 2061 500 2082 ex
524 2050 590 2084 zelo
614 2051 766 2084 indiscreto
794 2051 958 2083 Protestan-

226 2104 268 2126 tes
290 2094 453 2127 Catholicae
478 2095 632 2137 Ecclesiae,
647 2096 680 2128 ἃ
695 2095 870 2139 Apostolica:
893 2096 958 2129 Sedi

225 2139 376 2172 xeuniendi
393 2164 401 2180 ,
435 2140 570 2182 huncque
593 2141 623 2174 in
646 2141 738 2174 finem
761 2142 848 2174 etiam
874 2141 957 2183 usus,

228 2184 261 2216 ὃ(
284 2196 384 2226 praxes
407 2186 625 2226 particularium
651 2185 845 2220 Ecclefiarum
864 2211 874 2226 ‚
898 2188 957 2222 eale

227 2241 285 2271 que
318 2230 439 2271 persaepe
474 2230 549 2262 ultra
582 2231 706 2264 modum
740 2238 924 2273 exaggeratas
947 2257 958 2273 ‚

229 2274 369 2307 omnibus
394 2274 528 2308 Ecclefiis
563 2276 724 2318 applicandi
755 2276 846 2309 studio
867 2301 877 2317 ‚
909 2289 959 2310 na-

229 2328 318 2358 tum3
342 2331 437 2361 neque
461 2332 552 2361 eum,
577 2323 671 2363 quoad
695 2323 818 2362 vixero,
852 2321 958 2355 deflere

228 2363 356 2395 definam
371 2389 379 2396 .
404 2366 483 2398 Dein
507 2366 697 2399 deliberatum
724 2367 799 2399 mihi
823 2367 957 2400 constitu-

228 2415 351 2451 tumque
375 2409 413 2442 est
428 2434 439 2453 ,
470 2411 622 2454 postquam
646 2411 765 2454 culpam
789 2412 927 2445 confessus
946 2436 957 2453 ,

1022 1061 1054 1092 ἃ
1081 1062 1203 1093 veniam
1245 1060 1429 1103 gratiamque
1452 1071 1470 1092 a
1505 1067 1623 1102 paterna
1647 1059 1760 1092 Sanffi-

1021 1106 1087 1138 tatis
1131 1106 1241 1139 Vestrae
1286 1105 1444 1138 clementia
1484 1104 1601 1148 supplex
1626 1105 1759 1147 depreca-

1021 1160 1066 1182 tus
1090 1151 1193 1192 fuero,
1217 1151 1295 1183 sicuti
1319 1150 1382 1189 jura
1407 1150 1439 1182 &
1462 1150 1598 1183 decorem
1623 1152 1757 1182 Summce

1021 1196 1100 1228 Sedis
1133 1208 1184 1238 pro
1218 1196 1328 1228 viribus
1360 1197 1463 1236 tueri,
1501 1196 1540 1227 ita
1565 1195 1605 1226 ’δί
1628 1195 1758 1233 ejusdem

1020 1240 1135 1273 8211&ae
1159 1241 1238 1274 Sedis
1261 1240 1401 1280 judicium
1427 1240 1519 1273 Libris
1546 1264 1556 1279 ‚
1579 1239 1612 1271 ὃς
1636 1239 1762 1272 lumini-

1020 1285 1073 1317 bus
1097 1287 1171 1318 meis
1194 1287 1350 1328 praeferre,
1387 1285 1567 1328 nullumque
1591 1296 1666 1317 meae
1691 1296 1759 1328 erga

1019 1331 1160 1363 eamdem
1195 1331 1378 1363 submiffioni
1412 1342 1520 1373 ponere
1559 1331 1724 1363 terminum
1748 1354 1758 1363 .

1021 1377 1138 1418 Eripuit
1162 1377 1236 1408 mihi
1275 1375 1432 1408 authoritas
1455 1375 1621 1410 Sanctitatis
1646 1376 1759 1408 Veslrae

1019 1421 1072 1457 (in
1096 1432 1152 1462 qua
1175 1421 1384 1454 authoritatem
1403 1421 1470 1460 Jesu
1487 1420 1594 1453 Christi
1618 1432 1759 1463 recogno-

1019 1465 1093 1505 sco)
1126 1477 1255 1498 errorem
1279 1490 1287 1498 .
1312 1467 1416 1507 Itaque
1440 1466 1591 1507 praesentes
1607 1491 1616 1506 ‚
1649 1466 1759 1507 eosque

1018 1511 1164 1549 genuinos
1185 1511 1281 1541 animi
1304 1512 1364 1541 mei
1389 1511 1484 1540 sensus
1502 1511 1537 1540 de
1557 1512 1642 1540 Statu
1654 1511 1758 1542 Eccle-

1017 1552 1081 1594 fiae,
1106 1553 1139 1585 δι
1163 1553 1286 1585 summis
1309 1553 1388 1587 Sedis
1411 1554 1442 1585 S.
1466 1553 1546 1585 Petri
1562 1577 1572 1593 ‚
1597 1554 1758 1595 Apostolo-

1017 1609 1084 1629 rum
1110 1598 1272 1640 Principis,
1296 1598 1427 1638 juribus,
1451 1598 1486 1630 ad
1502 1599 1670 1630 Successoris
1694 1599 1757 1638 ejus

1018 1643 1110 1675 Pedes
1143 1644 1229 1676 omni
1270 1655 1339 1676 cum
1379 1643 1570 1675 submiffione
1608 1643 1724 1685 depono
1743 1668 1759 1686 5

1016 1696 1157 1730 tanquam
1196 1690 1226 1721 in
1259 1700 1315 1730 qua
1348 1688 1448 1720 vivere
1472 1687 1506 1719 ἃ
1539 1688 1616 1720 mori
1639 1690 1724 1731 cupio
1746 1714 1756 1722 .

1016 1734 1090 1765 Sunt
1116 1743 1224 1766 autem.
1242 1735 1262 1765 ii
1286 1733 1436 1775 sequentes
1450 1757 1458 1765 .

1062 1779 1215 1821 Imprimis
1238 1779 1373 1820 profiteor
1387 1778 1421 1810 &
1436 1778 1560 1820 agnosco
1584 1790 1652 1810 cum
1665 1780 1755 1812 Tour-

1017 1823 1109 1864 nelio,
1136 1823 1248 1856 Claves
1273 1824 1408 1855 Ecclefiae
1424 1848 1437 1864 ,
1458 1823 1490 1854 ὃς
1506 1825 1556 1854 uni
1582 1824 1669 1855 Petro
1685 1849 1694 1864 ,
1720 1826 1752 1856 8<

1018 1870 1136 1902 Unitati
1161 1868 1246 1901 simul
1271 1880 1287 1900 a
1309 1868 1427 1900 Christo
1451 1868 1593 1900 concessas
1613 1870 1688 1910 effe,
1714 1872 1756 1903 ita-

1017 1924 1049 1947 ut
1074 1926 1170 1947 unum
1194 1913 1271 1946 aliud
1296 1925 1356 1946 non
1389 1912 1522 1945 excludat
1545 1937 1554 1945 .
1589 1914 1753 1955 Oportebat

1018 1960 1124 2002 quippe
1166 1960 1330 1991 meminisse
1374 1969 1444 1991 cum
1478 1957 1658 1990 Tertulliano
1677 1985 1687 2001 ,
1721 1963 1752 1993 in

1016 2006 1168 2047 Scorpiaco
1203 2005 1279 2047 Cap.
1317 2015 1365 2036 10.
1385 2028 1395 2044 ,
1429 2004 1490 2035 Eas
1514 2003 1672 2036 Dominum
1696 2006 1752 2037 Pe-

1017 2061 1076 2091 tra,
1101 2049 1203 2091 &per
1218 2062 1278 2081 eum
1291 2048 1418 2089 Ecclesia:
1440 2047 1601 2090 reliquiffl‘3
1625 2048 1657 2079 ἃ
1681 2062 1752 2083 cum

1016 2096 1121 2137 Optato
1136 2119 1145 2135 ‚
1182 2094 1217 2126 de
1240 2094 1364 2126 Schism.
1388 2094 1531 2126 Donatist.
1556 2092 1606 2125 lib.
1631 2094 1698 2127 VII.
1723 2110 1752 2128 n.

1018 2153 1067 2184 3.,
1091 2141 1208 2172 Petrum
1231 2138 1341 2172 Claves
1359 2138 1456 2179 Regni
1466 2136 1608 2170 Coelorum
1631 2151 1752 2172 commu-

1016 2185 1151 2218 nicandas
1186 2185 1280 2217 ceteris
1296 2183 1393 2225 solum
1425 2182 1574 2226 accep{ffi;
1613 2193 1645 2217 ut
1669 2187 1750 2218 enim

1017 2231 1053 2263 de
1078 2231 1168 2263 Petro
1190 2231 1229 2262 ait
1252 2231 1284 2262 S.
1307 2230 1361 2262 Leo
1383 2253 1392 2270 ‚
1424 2230 1519 2262 Serm.
1545 2230 1607 2262 Ill.
1633 2229 1662 2262 in
1685 2233 1751 2262 An-

1018 2275 1100 2317 niu,
1123 2275 1158 2307 Si
1180 2274 1251 2317 quid
1274 2276 1286 2313 (
1306 2274 1438 2307 Christus
1458 2278 1469 2313 )
1493 2286 1555 2306 cum
1579 2287 1607 2306 eo
1631 2288 1751 2308 coimmu-

1017 2334 1050 2353 ηε
1073 2320 1168 2353 ceteris
1191 2319 1283 2353 voluit
1307 2319 1356 2362 effe
1381 2318 1580 2361 Principibus,
1605 2334 1750 2364 nunquam

1017 2365 1071 2407 nt'fi
1091 2376 1139 2409 per
1163 2365 1256 2406 ipsum
1278 2364 1357 2397 dedit
1379 2364 1523 2406 quidquid
1537 2364 1606 2399 aliis
1628 2380 1681 2398 mm
1703 2381 1750 2399 ne-

1012 2411 1119 2453 gavit:
1144 2411 1260 2445 Scilicet
1284 2410 1397 2444 Claves
1420 2410 1491 2443 datae
1515 2410 1580 2444 sunt
1616 2414 1667 2443 uni
1693 2413 1750 2445 Pe<

1637 2468 1702 2498 tro,
