1981 2901
963 218 1087 275 (4)

256 281 369 323 ciffet,
397 292 433 315 ac
461 278 634 315 detestatus
661 277 756 319 effer,
786 289 855 324 quae
884 274 949 310 suis
977 287 1070 311 antea
1100 274 1216 311 Libris
1243 274 1436 324 scripserat3
1466 274 1598 310 veniam
1628 288 1642 309 a
1676 275 1788 313 Nobis

255 330 376 378 petiit,
407 328 607 377 Apostolicae
634 326 726 363 Sedis
753 325 967 361 clementiam
997 324 1220 372 imploravit,
1248 333 1381 372 tamque
1409 336 1599 373 promptum
1629 338 1665 360 ac
1695 340 1790 372 para-

256 390 327 415 tum
357 380 395 414 ad
425 377 613 426 praestandas
640 389 755 410 omnes
783 375 887 409 officii
917 375 964 409 sui
992 387 1099 424 partes
1127 373 1281 409 exhibuit
1309 375 1455 408 animum
1472 403 1480 417 ‚
1509 386 1544 409 ut
1571 375 1696 410 etiamst
1716 379 1788 422 'slu-

255 429 341 465 rima
369 431 436 476 jam
465 436 614 462 accurate
642 424 822 460 revocasset
846 452 854 467 ‚
892 435 998 460 cetera
1030 436 1141 461 tamen
1170 423 1284 458 omnia
1307 451 1315 465 ‚
1343 436 1414 470 quae
1445 427 1515 459 Nos
1542 424 1645 459 adhuc
1674 438 1785 460 emen.

254 479 358 514 danda
387 477 448 512 effe
476 473 702 517 censeremus,
729 474 795 508 fine
822 476 890 508 ulla
917 475 1133 510 cunciatione
1159 473 1189 507 se
1217 473 1440 508 com-effusum
1470 474 1682 520 promiserit.
1723 475 1783 510 Sed

258 528 384 577 praestat
411 528 477 562 haec
503 524 570 572 ipsa
597 553 607 568 ,
635 527 914 559 Veneram&
944 526 1127 560 FRATRES
1148 551 1156 566 ,
1195 536 1236 557 ex
1267 523 1521 571 Archiepiscopi
1550 524 1690 559 Litteris
1715 553 1725 568 ,
1752 527 1786 559 ὃς

253 577 414 614 Febronii
442 574 694 610 RetraRatione
725 573 920 622 cognoscere
947 602 956 617 ,
993 588 1073 622 quas
1103 572 1297 608 Nostrarum
1334 573 1374 607 ad
1414 572 1583 621 Principes
1619 573 1783 622 Epistola-

252 641 327 664 rum
355 624 555 662 Secretarius
581 623 762 659 recitabit.
792 625 844 658 Ac
874 623 1019 671 primum
1049 623 1161 659 audite
1187 622 1356 658 Litteras.

340 740 548 780 Sam-arium
579 734 756 792 ingreffirs
785 739 837 776 R.
867 739 912 775 P.
943 740 994 776 D.
1026 732 1245 777 Emedic‘lus
1275 739 1365 789 Str-y
1384 765 1395 785 ,
1437 736 1619 775 Brevium
1646 736 1698 776 ad

485 796 674 852 Principes
704 797 923 835 secretarius
939 825 951 845 ,
989 798 1116 851 Cappa
1147 796 1298 834 indutus
1314 823 1327 845 ,
1357 796 1434 834 alm
1464 810 1550 834 voce

725 854 887 910 perlegit
916 855 1079 895 Litteras
1096 851 1315 908 sequentes.

380 992 663 1026 BEATISSJME
688 992 845 1024 PATER
855 1015 866 1024 .

327 1081 487 1115 Enedistus
513 1082 594 1114 Deus
616 1080 649 1112 S<
672 1081 760 1112 Pater
775 1081 905 1111 Domini
922 1081 987 1111 No-

349 1128 395 1160 stri
418 1126 486 1166 Jesu
510 1126 638 1166 Christi,
663 1126 750 1157 Pater
774 1124 987 1156 Misericordia-

248 1184 314 1205 rum
327 1197 337 1213 ,
362 1172 393 1203 δε
417 1173 502 1204 Deus
516 1171 602 1202 totius
617 1169 820 1202 consolationis
836 1194 845 1209 ‚
870 1170 919 1211 qui
936 1180 986 1201 me

247 1217 387 1249 consolari
420 1216 551 1257 dignatus
584 1215 623 1247 est
652 1216 680 1246 in
707 1215 872 1255 graviffima
895 1214 984 1246 tribu-

246 1261 356 1294 latione
379 1272 469 1300 mea,
493 1268 526 1291 ut
549 1260 658 1300 possem
683 1258 715 1289 ὃς
740 1258 797 1299 ipse
820 1260 983 1300 oppressum

245 1306 334 1338 fimili
377 1304 569 1338 sollicitudine
600 1302 766 1335 Sanffitatis
808 1304 888 1336 Tuae
921 1305 982 1336 ani-

245 1361 335 1382 mum
360 1350 513 1382 sublevare
526 1373 535 1381 .

292 1395 409 1436 Magna
431 1395 572 1426 nimirum
606 1393 715 1425 tristitia
741 1393 815 1424 mihi
838 1394 892 1424 fuit
915 1416 926 1432 ,
948 1393 981 1423 &

244 1441 399 1471 continuus
422 1439 505 1470 dolor
529 1437 607 1470 cordi
630 1448 700 1468 meo
716 1461 726 1477 ‚
750 1436 823 1468 dum
847 1436 981 1468 viderem

245 1484 470 1525 Suffraganeum
495 1494 528 1514 ac
553 1481 771 1524 Coepiscopum
797 1492 900 1512 meum
927 1481 983 1511 Ni-

243 1527 363 1559 colaum
387 1527 424 1558 ab
449 1526 638 1566 Hontheim,
672 1526 782 1557 Virum
806 1533 851 1556 tot
875 1533 983 1556 cetero-

245 1572 317 1613 quin
341 1572 513 1603 nominibuss
545 1570 620 1601 mihi
643 1581 743 1601 carum
778 1580 810 1600 ac
843 1579 982 1600 veneran-

242 1616 316 1648 dum
335 1640 345 1656 ‚
369 1622 467 1655 utpote
492 1613 542 1654 qui
567 1612 606 1643 ob
630 1612 778 1644 excellens
802 1611 834 1644 ὃς
859 1612 981 1655 singula-

242 1672 274 1692 re
298 1660 448 1701 ingenium
475 1682 484 1698 ‚
517 1656 701 1688 immensum
725 1658 893 1698 omnigenae
918 1668 982 1689 eru-

242 1705 359 1736 ditionis
393 1711 564 1745 apparatum
588 1725 598 1742 ‚
633 1700 801 1742 longaevam
834 1703 981 1742 experien-

243 1751 316 1781 tiam
334 1774 344 1789 ,
381 1759 477 1780 mores
501 1758 517 1778 a
541 1757 630 1788 puero
653 1745 776 1778 intactos
796 1770 806 1786 ‚
839 1746 872 1777 &
895 1745 980 1777 fervi-

242 1794 314 1826 dum
349 1791 536 1825 restaurandae
560 1790 715 1832 disciplinae
738 1815 748 1830 ‚
787 1789 979 1832 Eccleliique

240 1838 415 1879 ampliandoe
431 1837 575 1876 studium,
593 1847 650 1877 prae
672 1834 730 1867 alio
754 1836 880 1876 quovis,
899 1837 978 1868 oneri

241 1894 312 1915 meo
335 1882 466 1925 pastorali
492 1881 618 1912 levando
633 1880 727 1921 aptior
741 1880 826 1920 effet,
850 1881 977 1921 quique,

239 1928 293 1959 nisi
317 1938 389 1959 eum
412 1926 468 1958 zeli
493 1925 655 1957 amaritudo
678 1949 689 1966 ‚
712 1924 744 1956 ὃς
768 1924 975 1957 inconsideran—

239 1974 279 2003 tia
302 1973 332 2003 in
357 1970 551 2004 transversum
576 1970 692 2012 egisset,
717 1968 853 2001 Ecclefioe
878 1970 975 2010 bono,

241 2016 363 2056 solatio,
387 2027 419 2047 ac
444 2015 570 2056 praesidio
591 2024 672 2046 natus
687 2014 859 2053 videbatui-3
883 2014 972 2056 dum,

240 2062 365 2102 inquam
387 2084 396 2099 ‚
422 2060 551 2091 viderem
577 2060 688 2091 Virum
714 2058 792 2091 hunc
815 2059 973 2099 terminos,

239 2117 310 2146 quos
333 2104 487 2147 posuerunt
519 2105 619 2135 Patres
652 2104 752 2134 Nost-ri
772 2128 784 2144 ,
815 2104 885 2144 quin
910 2105 975 2135 imo

239 2161 310 2190 quos
343 2150 476 2181 Patribus
508 2149 607 2180 nostris
630 2148 758 2179 Divinus
787 2148 903 2194 Legiser
924 2160 973 2189 po-

238 2195 293 2226 suit
315 2218 325 2234 ,
348 2193 486 2225 transilire
510 2217 519 2233 ‚
544 2202 629 2234 atque
654 2204 667 2224 a
705 2193 831 2226 veritatis
856 2195 975 2225 tramite

237 2248 319 2273 tanto
343 2239 457 2280 longine
472 2262 481 2278 ‚
506 2246 648 2278 tantoque
671 2237 845 2269 obstinatius<
860 2238 971 2270 aberra-

238 2295 268 2316 re
290 2309 299 2323 ‚
334 2295 392 2325 quo
425 2282 520 2323 ipsum
554 2283 646 2323 magis
678 2281 836 2322 decipiebat
869 2281 972 2322 species

236 2328 311 2361 redii
329 2352 340 2368 ‚
362 2328 394 2358 ἃ
418 2328 538 2368 optimae
563 2326 719 2358 voluntatis
743 2326 934 2358 confciemia.

291 2373 416 2404 Interim
450 2381 550 2403 tamen
581 2372 696 2412 Scriptis
737 2370 791 2402 suis
815 2371 968 2404 Unitatem

237 2416 430 2453 Catholicam-
452 2415 624 2457 scindebat,
656 2415 690 2449 ad
713 2426 802 2458 quam
834 2416 969 2451 reducere

1048 990 1240 1024 Protestantes
1272 991 1448 1022 moliebatur
1473 1000 1482 1028 3
1517 990 1707 1022 Zizaniorum
1733 1000 1784 1022 erta

1047 1037 1247 1078 tirpandorum
1274 1045 1410 1076 praetextu
1435 1059 1444 1075 ‚
1473 1045 1508 1066 ex
1535 1035 1618 1075 Agro
1642 1035 1782 1066 Domini·-

1048 1092 1083 1111 co
1099 1079 1247 1111 evellebat
1262 1079 1293 1111 ὃς
1311 1080 1459 1111 Triticum
1473 1091 1481 1117 3
1506 1078 1537 1109 ἃ
1562 1079 1685 1110 fundatas
1701 1079 1782 1120 supra

1046 1125 1167 1156 Petram
1193 1124 1329 1156 Ecclefiae
1353 1126 1467 1156 ruinam
1492 1123 1630 1164 parabat,
1653 1124 1723 1156 dum
1748 1125 1781 1154 il-

1045 1169 1066 1201 li
1091 1170 1180 1201 etiam
1207 1168 1345 1210 suppetias
1368 1169 1441 1200 serre
1466 1169 1606 1208 cogitaret
1627 1180 1634 1198 t
1669 1168 1723 1200 Sed
1747 1168 1780 1199 δε

1044 1214 1178 1246 adversus
1200 1212 1337 1245 Sameram
1364 1237 1374 1253 ,
1412 1212 1569 1244 catholico
1593 1213 1683 1243 cuivis
1707 1224 1781 1244 non-

1043 1258 1094 1290 nifi
1118 1269 1186 1290 cum
1212 1259 1371 1299 Religione
1396 1257 1601 1298 suspiciendam
1622 1281 1631 1296 ‚
1658 1257 1777 1288 Roma-

1043 1314 1113 1334 nam
1146 1303 1253 1334 Sedem
1286 1302 1419 1334 attollere
1450 1302 1623 1343 quandoque
1658 1302 1781 1342 superci-

1039 1347 1113 1379 lium
1139 1372 1148 1387 ,
1187 1346 1248 1385 ejus
1285 1347 1348 1385 jura
1386 1356 1543 1379 extenuare
1568 1370 1577 1386 ,
1616 1348 1781 1387 prn‘rogati-

1040 1404 1090 1423 vas
1112 1393 1265 1432 obterere,
1291 1391 1527 1430 Jurisdistionem
1546 1391 1743 1422 universalem
1768 1415 1781 1431 ,

1042 1446 1131 1476 quam
1155 1446 1216 1467 tota
1240 1436 1408 1477 Antiquitas
1433 1445 1569 1468 venerata
1593 1436 1632 1467 est
1648 1460 1656 1474 ‚
1681 1446 1696 1467 e
1713 1447 1780 1468 me-

1042 1480 1089 1511 dio
1113 1479 1217 1511 tollere
1237 1503 1247 1519 ‚
1272 1480 1333 1511 imo
1356 1480 1389 1511 ὃς
1413 1479 1541 1517 ejusdem
1567 1480 1645 1512 Sedis
1670 1480 1777 1512 Praesun

1042 1524 1084 1554 les
1107 1523 1174 1553 hinc
1197 1523 1263 1553 inde
1287 1524 1395 1563 probris
1427 1524 1609 1553 conscindere
1643 1534 1701 1554 non
1726 1525 1778 1555 du-

1041 1567 1165 1605 bitavit3
1191 1577 1225 1597 eo
1250 1567 1391 1598 nimirum
1413 1591 1422 1606 ,
1447 1577 1479 1598 ut
1502 1567 1613 1606 aflerit,
1637 1567 1776 1608 consilio,

1040 1621 1073 1643 ut
1098 1612 1229 1653 vigentes
1253 1612 1281 1641 in
1308 1611 1447 1642 Romana
1472 1612 1563 1642 Curia
1587 1611 1688 1643 abusus
1707 1612 1779 1643 abo-

1041 1656 1112 1687 leret
1133 1680 1142 1696 ,
1167 1655 1331 1696 Sedemque
1355 1656 1428 1686 Divi
1456 1656 1535 1687 Petri«
1553 1680 1563 1696 ‚
1588 1655 1704 1688 sublatis
1728 1657 1777 1689 ad-

1041 1700 1170 1739 scititiis,
1193 1700 1283 1740 iisque
1306 1699 1470 1732 monstrose
1493 1701 1618 1742 parergis
1636 1724 1647 1742 ‚
1671 1703 1777 1734 nativo

1040 1745 1088 1777 suo
1113 1745 1256 1785 splendori
1280 1745 1458 1777 redimeret.

1085 1790 1129 1820 Ut
1153 1798 1250 1821 autem
1276 1790 1378 1821 omnia
1401 1789 1462 1821 haec
1486 1791 1573 1822 tutius
1596 1799 1712 1832 ageret,
1737 1790 1773 1822 δε

1037 1843 1133 1876 parata
1156 1834 1212 1866 fors
1236 1835 1390 1865 temeritati
1417 1833 1472 1865 suoe
1493 1834 1570 1866 mala
1594 1835 1773 1876 declinaret,

1036 1879 1105 1912 ficio
1127 1904 1136 1920 ‚
1170 1878 1270 1917 Justini
1296 1878 1428 1910 videlicet
1450 1878 1584 1910 Febronii
1603 1903 1614 1919 ‚
1646 1881 1773 1912 nomine

1035 1925 1134 1966 scripta
1159 1924 1206 1955 sua
1231 1923 1370 1964 vulgabat
1396 1935 1404 1962 ;
1439 1922 1470 1954 &
1494 1924 1534 1954 ita
1558 1924 1676 1965 quidem
1700 1924 1770 1956 cau-

1033 1978 1061 2001 te
1085 1994 1094 2010 ,
1118 1978 1149 2000 ut
1172 1979 1353 2010 quamquam
1378 1967 1522 2000 Authoris
1547 1974 1658 2000 nomen
1683 1992 1693 2008 ‚
1726 1970 1773 2000 uti

1033 2013 1192 2045 hominum
1216 2014 1368 2046 neminem
1392 2037 1402 2053 ‚
1427 2014 1465 2044 ita
1489 2024 1542 2045 nec
1565 2024 1615 2044 rne
1639 2013 1742 2045 lateret
1757 2038 1770 2053 ‚

1032 2068 1206 2100 argumenta
1238 2068 1340 2090 tamen·
1370 2057 1494 2090 deessent
1518 2082 1527 2098 ,
1560 2057 1662 2098 quibus
1695 2069 1767 2089 eum

1032 2103 1181 2144 conscripti
1207 2104 1308 2144 Operis
1332 2103 1556 2135 convincerem.
1580 2101 1634 2134 Sed
1659 2102 1690 2134 δε
1716 2113 1769 2134 ve·

1032 2148 1113 2179 rebar
1135 2172 1146 2188 ⁷
1183 2159 1219 2179 ne
1242 2147 1262 2179 si
1286 2159 1321 2179 eo
1345 2147 1501 2179 hominem
1526 2146 1674 2188 adigerem
1699 2171 1709 2187 ‚
1733 2156 1771 2179 ut'

1031 2193 1281 2224 Febronianorum
1320 2193 1498 2232 Scriptorum
1538 2192 1566 2223 se
1605 2192 1763 2230 authorem

1032 2237 1111 2268 fateri
1136 2246 1284 2278 cogeretur
1309 2262 1319 2277 ‚
1352 2236 1411 2274 jam
1447 2235 1613 2268 asseclarum
1639 2248 1764 2269 numero

1031 2282 1063 2312 ἃ
1086 2281 1266 2323 Magnatum
1289 2281 1415 2323 praesidio
1447 2281 1582 2313 audacior
1611 2281 1729 2314 effezstus
1751 2306 1765 2322 ‚

1029 2337 1065 2358 eo
1089 2328 1240 2367 protervia>
1263 2324 1426 2368 procederet
1446 2351 1456 2367 ‚
1480 2335 1510 2358 ut
1534 2325 1656 2358 infelicis
1682 2328 1762 2367 Ope-

1029 2372 1065 2402 ris
1088 2370 1302 2403 elucubratione
1335 2372 1446 2412 optime
1480 2371 1507 2403 se
1537 2371 1571 2402 de
1597 2370 1725 2402 Ecclesia
1750 2396 1765 2412 ,

1030 2414 1062 2447 Sc
1086 2415 1204 2450 veritate
1226 2417 1367 2451 meritum
1391 2417 1445 2450 effe
1468 2415 1653 2450 contenderet
1679 2426 1688 2454 3
1713 2415 1764 2446 fic⁹

1659 2471 1716 2501 que
