1981 2901
916 144 1067 199 (10)

224 204 429 239 Tridentinum
460 203 612 236 occursum
644 202 676 234 δε
702 201 861 243 provisum·
889 200 928 232 est
949 225 958 232 .

269 250 334 281 Scio
359 248 514 289 Episcopos
537 259 597 279 non
621 247 658 278 ab
681 245 832 286 Ecclesia,
856 245 904 276 seu
927 244 961 276 fi-

223 293 335 326 delium
361 292 561 325 Universitate
580 316 592 332 ,
614 291 660 323 sed
684 302 701 322 a
724 291 829 331 Spiritu
852 287 960 321 &msto

222 337 346 379 positos,
370 346 403 369 ut
426 337 594 370 commissos
614 335 663 369 sibi
679 336 790 376 Greges
806 336 879 366 intra
899 333 965 365 suas

224 382 321 414 solum
345 381 496 414 Dioeceses
520 380 635 422 pascant
667 379 700 411 &
724 389 825 421 regant
849 404 860 419 ,
892 389 962 410 cum

224 426 321 459 debita
353 425 390 460 ad
420 426 600 458 Romanum
624 423 802 456 Pontificem
837 423 965 455 subordi-

225 473 345 504 natione
364 495 375 505 .
409 470 558 510 Quamvis
582 477 681 500 autem
715 468 758 500 illi
782 469 882 510 primis
907 468 965 499 Ec-

225 516 518 556 clesiaetemporibus
551 513 727 554 ampliorem
748 538 760 554 ,
792 524 843 554 pro
873 514 966 544 varie-

225 571 284 594 tate
308 560 463 602 disciplinae
478 576 498 597 ·,
535 559 565 590 in
600 558 643 590 his
676 570 739 599 quae
762 555 966 597 jurisdiffionis

227 606 312 647 sunt,
337 604 505 646 potestatem
529 604 711 635 exercuerint
737 614 745 641 ;
780 611 899 644 potuere
924 611 966 633 ta-

227 662 298 683 men
328 651 467 682 Canones
498 647 561 687 ejus
593 647 679 680 usum
712 648 785 678 intra
818 645 968 678 striffiiores

226 695 366 727 terminos
389 704 520 726 coercere
535 717 545 733 ,
566 704 637 734 quos
660 692 774 733 privata
793 691 969 724 authoritate

227 740 384 772 extendere
407 738 486 771 nefas
510 737 606 770 foret.

274 786 313 817 In
338 783 419 824 illis,
443 794 506 824 quae
529 782 564 815 ad
587 782 690 814 Fidem
716 806 725 823 ,
749 783 935 814 Sacramenta
957 805 972 821 ,

229 829 262 861 δε
296 827 524 860 Ecclesiasticam
562 826 758 869 Disciplinam
792 827 936 868 pertinent
959 849 970 867 ‚

228 873 348 916 potestas
373 871 571 905 Ecclefiastica
604 872 690 914 pleno
723 871 785 910 jure
808 871 935 903 decernit
958 895 969 911 ,

229 918 288 950 sine
311 917 450 950 concursu
475 917 618 958 potestatis
638 916 768 956 Civilis,
793 917 904 948 ratione
928 924 970 947 ta-

229 974 302 995 men
326 971 436 994 mutuae
460 961 652 994 Proteffionis
671 985 683 1001 ,
705 972 795 1003 quam
820 961 870 993 fibi
894 961 971 992 invi-

229 1019 299 1040 cem
321 1007 447 1046 debent,
471 1006 506 1038 ad
530 1005 604 1038 hanc
629 1004 755 1047 spectat,
781 1006 862 1044 juxta
888 1017 971 1038 men-

229 1063 293 1084 tem
317 1051 455 1084 Ecclefiae
475 1075 485 1091 ‚
518 1050 550 1082 ὃ(
583 1061 730 1093 quantum
763 1051 821 1092 ipsa
856 1059 937 1092 optat
960 1073 970 1089 ,

231 1096 294 1135 ejus
318 1097 457 1128 Canones
481 1104 630 1138 protegere
646 1120 655 1136 ‚
678 1095 906 1137 &exequendos
921 1105 971 1126 cu—

233 1153 295 1173 rare
322 1152 371 1182 per
395 1140 492 1173 media
516 1141 706 1183 temporalia.

275 1186 416 1218 Finaliter
439 1185 536 1224 judico
554 1210 564 1226 ‚
587 1186 747 1217 curandum
779 1185 863 1217 omni
900 1184 971 1226 legi-

232 1231 308 1264 timo
332 1242 365 1263 ae
389 1230 513 1262 meliore
538 1230 628 1263 modo
642 1254 656 1270 ,⁴
679 1239 712 1262 ut
726 1241 781 1271 pax
806 1229 839 1261 ὃς
853 1240 972 1262 concor-

235 1277 282 1308 dia
305 1277 380 1308 inter
404 1275 586 1316 Ecclesiam,
610 1274 643 1307 &
666 1275 899 1317 Rempublicam
915 1285 977 1316 per-

235 1330 323 1362 petuo
349 1321 531 1359 retineatur3
555 1329 641 1362 atque
665 1319 738 1352 adeo
763 1344 773 1361 ,
811 1319 907 1362 quoad
929 1319 977 1351 Fi-

235 1366 284 1398 des
308 1364 341 1396 &
366 1364 530 1406 Religionis
553 1365 615 1402 jura
637 1366 783 1406 patiuntur
802 1389 812 1405 ,
845 1364 976 1396 vitandas

234 1411 290 1442 esse
313 1409 475 1442 occasiones
497 1408 716 1449 offinfionum,
739 1409 816 1441 unde
841 1408 874 1439 ὃς
897 1408 972 1440 diffi-

232 1455 280 1486 dia
304 1455 400 1494 oriri,
433 1454 465 1486 δε
489 1455 590 1495 gravia
625 1453 706 1486 mala
740 1455 771 1485 in
806 1452 971 1495 Religionis

233 1499 445 1531 detrimentum
469 1499 568 1530 timeri
591 1499 702 1540 possent
718 1522 727 1531 .

281 1543 414 1585 Accipe,
438 1544 667 1575 Sancnssmf:
679 1543 823 1583 PATER,
847 1541 896 1573 has
916 1541 972 1574 As-

237 1588 392 1628 sertiones,
418 1586 499 1619 velut
522 1588 655 1619 tesseram
671 1587 804 1628 genuinae
819 1598 894 1618 meae
914 1587 976 1618 sen-

239 1633 338 1665 tentia?
371 1633 406 1664 de
442 1632 547 1664 divinis
571 1656 580 1671 ,
614 1641 699 1673 atque
737 1631 978 1663 eminentioribus

237 1678 317 1710 Tuis
338 1701 348 1717 ,
383 1678 518 1718 Tumque
550 1675 628 1708 Sedis
660 1675 768 1714 juribus
791 1700 801 1716 ,
834 1685 976 1717 tanquam

238 1731 471 1754 monumentum
496 1721 688 1753 revocationis
710 1721 846 1752 omnium
873 1744 882 1759 ‚
914 1731 977 1761 que:

238 1768 397 1799 adversum
419 1778 452 1798 ea
474 1791 482 1805 ‚
516 1765 548 1797 δε
572 1765 593 1797 si
616 1777 679 1807 quae
704 1765 815 1796 fortafl'e
840 1765 896 1796 alia
921 1775 974 1796 ve-

240 1824 276 1843 rce
300 1810 437 1844 doetrinae
461 1811 591 1852 Capita,
616 1810 664 1842 seu
689 1808 857 1842 universalis
873 1809 987 1842 Eccle-·

240 1856 284 1888 srae
309 1856 370 1894 jura
393 1855 489 1894 (licet
513 1864 613 1897 praeter
636 1855 862 1894 intentionem)
887 1866 904 1886 a
928 1865 978 1886 me

240 1902 341 1942 quavis
366 1902 412 1932 via
428 1926 437 1940 ‚
462 1909 510 1932 aut
534 1901 624 1932 modo
640 1898 738 1939 ἀὶξί-ε,
765 1899 903 1941 scriptave
920 1899 983 1931 sue‘

241 1957 291 1987 re,
316 1944 364 1979 vel
390 1946 489 1987 scripta
512 1945 603 1978 videri
624 1945 753 1987 possent.

1062 200 1094 231 Si
1116 200 1281 241 quidnltra'
1305 200 1364 239 est',
1388 198 1467 240 quod
1488 199 1561 230 circa
1576 196 1682 238 Fidei,
1706 196 1756 232 seu

1020 242 1172 276 Doarinae
1194 255 1270 275 meae
1294 244 1500 285 profeffionem
1533 254 1565 274 ac
1589 242 1758 274 declaratio-

1021 299 1091 320 nem
1113 311 1123 327 ,
1156 299 1246 328 quam
1280 288 1310 318 in
1342 288 1479 319 omnibus
1501 285 1614 321 Sanzstae
1640 287 1759 318 Roma·

1021 344 1086 373 nte,
1109 342 1196 373 atque
1222 330 1396 373 Apostolicae
1422 330 1556 363 Ecclesia:
1571 332 1758 363 conformem

1023 378 1078 410 esse
1101 377 1186 418 cupio
1207 401 1217 417 ,
1243 376 1323 413 jubes
1337 399 1347 416 ,
1379 385 1429 407 aut
1452 375 1574 416 postulas
1594 387 1602 415 3
1641 375 1759 406 habebis

1023 433 1073 454 me
1098 421 1212 462 semper
1235 420 1270 452 ad
1294 419 1421 453 eandem
1442 431 1595 461 ⁴germana
1619 419 1761 452 sincerita-

1024 475 1052 498 te
1086 466 1229 498 edendam
1263 465 1452 498 obedientem
1488 476 1521 497 ac
1553 474 1726 506 promptum
1751 487 1761 496 .

1025 511 1101 543 Non
1125 511 1243 553 negabis
1268 511 1383 542 interim
1408 513 1420 547 (
1447 509 1482 541 sic
1506 508 1675 542 humillime
1690 521 1760 542 con-

1026 555 1083 587 fido
1109 559 1121 597 )
1147 556 1265 588 veniam
1290 555 1395 588 erranti
1420 572 1445 594 ,»
1462 555 1510 595 qui
1535 554 1645 586 medias
1670 555 1760 586 etiam

1027 601 1102 632 inter
1115 600 1296 633 deviationes
1308 624 1317 640 ,
1342 599 1533 632 nihilominus
1549 611 1617 631 cum
1628 599 1762 630 Patribus

1027 645 1158 677 Concilii
1182 644 1376 683 Lateranenfis
1414 644 1530 684 semper
1553 645 1675 685 agnovit
1698 668 1707 684 ,
1731 643 1764 674 δε.

1027 690 1121 730 quoad
1145 690 1246 729 vivet,
1269 689 1426 731 agnoscet,
1451 689 1625 720 Romanam
1657 688 1763 719 Eccle-

1026 734 1098 766 siam
1118 759 1128 776 ,
1151 734 1319 776 disponente
1345 734 1481 766 Domin'o
1503 757 1513 773 ,
1552 732 1634 773 super
1658 743 1764 763 omnes

1028 780 1096 811 alias
1134 779 1285 811 ordinariae
1319 778 1463 820 potestatis
1498 777 1628 809 obtinere
1651 778 1763 808 Princi-

1028 834 1128 867 patum
1141 849 1150 864 ‚
1175 833 1276 866 utpote
1292 824 1429 855 Matrem
1446 822 1662 854 Universorum
1677 821 1765 853 Chri-

1028 869 1222 908 stifidelium3
1261 869 1310 911 qui
1334 879 1402 901 cum
1427 866 1508 899 Divo
1532 867 1677 899 Bemardo
1707 866 1769 898 fine

1032 914 1131 947 fraude
1155 914 1187 946 &
1211 914 1276 946 fuco
1301 914 1472 955 profitetur:
1514 913 1580 944 Effe
1603 911 1675 944 alios
1700 911 1766 943 aliis

1034 960 1186 1002 assignatos
1210 960 1321 1000 Greges
1341 983 1350 998 ,
1390 956 1504 999 singulis
1528 957 1679 999 singulos,
1706 957 1765 988 Ti-

1031 1005 1058 1037 bi
1076 1004 1224 1037 universos
1236 1028 1245 1044 ,
1269 1004 1318 1034 uni
1336 1014 1428 1034 unum
1441 1026 1451 1042 ,
1463 1013 1522 1033 non
1538 1002 1627 1034 modo
1639 1002 1768 1041 Ovium,

1032 1050 1077 1082 sed
1100 1049 1133 1080 ὃ(
1157 1048 1309 1080 Pastorum
1334 1072 1343 1088 ,
1376 1056 1519 1088 tanquam
1554 1048 1602 1078 uni
1627 1047 1767 1078 omnium

1029 1093 1166 1133 Pastori,
1187 1094 1236 1135 qui
1260 1104 1329 1125 cum
1353 1093 1388 1124 S.
1409 1092 1575 1132 Hieronymo
1599 1103 1659 1123 non
1685 1092 1767 1132 igno-

1029 1151 1093 1171 rans
1118 1139 1291 1171 Romanam
1318 1137 1479 1169 Ecclesiam
1507 1137 1588 1178 supra
1613 1138 1732 1168 Petram
1757 1160 1769 1175 ,

1031 1185 1080 1225 qui
1105 1183 1236 1216 Christus
1259 1182 1322 1223 est,
1348 1181 1517 1214 :edificatam
1543 1205 1553 1222 ,
1577 1181 1649 1212 nihil
1675 1181 1769 1222 magis

1035 1228 1192 1269 desiderat,
1216 1238 1304 1270 quam
1319 1226 1473 1259 Cathedroe
1489 1226 1568 1258 Petri
1584 1228 1597 1263 (
1613 1226 1661 1267 qui
1677 1225 1768 1257 etiam

1033 1285 1081 1316 per
1104 1272 1248 1312 Christum
1259 1272 1357 1314 fassus
1371 1270 1408 1312 est
1423 1272 1529 1311 Petra,
1553 1280 1585 1302 ut
1600 1271 1639 1301 ait
1654 1271 1686 1302 5.
1697 1269 1770 1301 M'a-

1036 1318 1129 1350 ximus
1153 1316 1336 1360 Taurinenfis
1365 1320 1378 1357 )
1418 1325 1557 1357 perpetuo
1580 1315 1737 1347 consociari
1759 1337 1771 1346 .

1035 1363 1149 1404 Suscipe
1175 1374 1224 1395 me
1250 1363 1279 1395 in
1304 1361 1381 1393 hanc
1395 1362 1573 1399 Unionem·,
1596 1359 1680 1391 redde
1705 1370 1770 1400 poe⁴

1036 1409 1140 1439 nitenti
1163 1407 1225 1438 filio
1249 1416 1403 1448 paternum
1427 1404 1593 1443 affeetum3
1616 1404 1648 1435 ὃς
1672 1404 1701 1434 in
1726 1404 1771 1444 pi-

1035 1463 1107 1492 gnus
1132 1451 1217 1489 hujus
1240 1451 1337 1493 gratiae
1361 1451 1397 1482 da
1419 1451 1523 1488 jacenti
1548 1458 1615 1480 ante
1638 1449 1774 1480 Sacratos:

1035 1497 1127 1528 Pedes
1150 1496 1256 1534 Tuos,
1280 1495 1385 1535 eosque
1404 1494 1598 1533 deosculanti,
1624 1492 1773 1534 Apostoli-

1035 1551 1100 1572 cam
1125 1538 1372 1571 Benedictionern

1081 1627 1392 1661 SANCTITATIS
1414 1627 1516 1658 TUAE

1037 1718 1172 1752 Treviris
1201 1730 1226 1750 t.
1253 1717 1408 1749 Novemb.
1439 1718 1539 1757 1778„

1167 1807 1343 1840 Humillimo
1359 1805 1399 1838 &¹
1413 1802 1726 1846 Obedt‘emt'ffimofilr’o

1131 1853 1238 1893 joanni
1259 1851 1386 1884 Nicolao
1398 1850 1434 1882 ab
1445 1850 1613 1882 Hontheim
1626 1849 1771 1890 Episcopo

1177 1897 1413 1937 Myriophytano
1425 1920 1434 1936 ,
1458 1895 1646 1937 Suffraganeo
1658 1895 1769 1927 Trevi-

1175 1941 1249 1975 r-ensi
1275 1942 1325 1974 M.
1347 1941 1458 1983 propria
1468 1965 1476 1973 .

1655 2393 1727 2429 No-
