1981 2901
927 146 1076 212 (12)

231 201 278 236 &a
299 229 309 245 ,
333 205 435 246 scripta
459 229 469 246 ,
493 205 614 247 asiaque
637 215 672 236 ex
697 204 816 237 Animo
842 204 966 236 remitti-

232 260 316 289 mus,
342 249 542 292 condonamus
567 274 576 290 ,
600 260 684 291 atque
709 249 906 291 ignoscimus,
932 249 966 281 ad

231 304 322 333 eaque
338 289 522 335 respicimus,
546 306 608 335 quac
622 306 700 326 nunc
715 294 865 325 consecuta
883 293 945 325 sunt
956 318 965 333 ‚

230 349 293 378 qua:
318 339 459 370 nimirum
485 351 501 370 a
526 340 577 371 Te
597 363 607 379 ,
641 348 728 380 atque
761 339 797 369 ab
831 339 882 370 illo
908 339 966 379 ipso

229 383 319 414 etiarn
344 383 377 415 de
403 383 531 425 praesenti
557 383 606 415 suo
629 383 738 416 Animi
755 383 834 414 sensu
851 383 885 414 ad
902 384 966 415 Nos

227 426 395 459 deferuntur
420 428 602 467 ·‚.eumdem
627 429 658 458 in
682 436 808 468 paternae
832 429 967 459 Caritatis

227 471 323 503 finum
341 497 350 513 ,
375 481 460 514 atque
494 474 522 504 in
548 472 739 513 complexum
765 472 906 513 Nostrum
932 472 966 503 li-

228 516 330 548 benter
355 541 364 557 ,
401 527 588 557 amanterque
613 517 768 558 recipimus
792 541 801 557 ‚
834 528 866 548 ac
891 526 965 547 tam-

226 573 317 603 quam
343 562 494 593 inventam
520 562 643 602 Ovem,
668 573 732 602 quae
748 563 889 602 perierat,
914 561 966 592 liu-

226 607 315 638 rneris
339 606 453 637 Nostris
478 607 658 647 imponimus
681 630 690 647 ‚
724 615 808 648 atque
833 606 865 637 ad
892 605 965 637 hanc

227 650 427 682 solidissimam
453 651 592 682 Veritatis
617 651 735 682 Petram
761 651 817 682 lzeti
834 650 967 682 exultan-

226 695 325 737 tesque
350 704 528 738 reportamus
553 720 561 736 ‚
601 707 632 727 ac
658 696 732 727 inter
755 704 863 727 ceteros
888 696 966 727 Coe-

227 740 496 782 piscopos-Fratres
516 765 527 780 ,
560 741 689 781 itemque
724 740 812 772 Filios
845 740 966 771 Nostros

227 785 453 816 adnumeramus
473 795 484 823 ς
507 785 540 816 &
563 796 621 826 quo
642 785 768 826 amplius
791 784 897 816 habeat
920 795 966 825 pa-

228 830 303 861 terni
328 829 412 868 hujus
436 830 579 870 Amoris,
603 829 769 871 laetitiaeque
794 828 907 861 Nostra·
925 840 968 860 ar-

228 883 426 916 gumentum,
451 886 510 906 non
536 874 674 906 mediocri
697 876 787 906 etiam
803 873 887 906 laude
902 898 912 913 ,
935 873 967 905 ὃς

228 920 487 951 commendatione
510 919 586 950 hanc
609 919 692 961 ipsius
715 918 864 951 afflonem
884 929 971 950 exer<

228 975 352 995 narnus.
378 964 592 996 Commendari
615 965 696 996 enim
720 973 852 1005 oportere
870 975 885 994 a
903 964 968 995 No-

229 1009 271 1039 bis
295 1007 486 1050 intelligimus
510 1007 571 1046 ejus
593 1020 662 1040 cum
687 1009 798 1050 ingenii
822 1009 966 1040 docilitate

228 1052 420 1090 conjunetam
456 1053 562 1084 Animi
587 1053 784 1085 fortitudinem
804 1078 814 1093 ,
848 1065 912 1094 quae
935 1054 966 1083 in

228 1097 278 1129 suo
303 1097 358 1129 hoc
391 1096 467 1129 fafil’o
501 1097 647 1138 perspicue
679 1097 852 1139 conspicitur
880 1106 964 1138 atque

227 1142 339 1174 eminet
359 1166 369 1182 ,
405 1141 476 1176 dum
510 1142 574 1174 illas
598 1142 658 1174 suas
678 1167 688 1183 ,
722 1154 790 1183 quas
814 1151 964 1183 tantopere

227 1186 375 1218 adamarat
407 1176 493 1219 aniea
519 1211 528 1227 ,
561 1182 810 1229 propugnaratque
844 1187 964 1218 Senten-

226 1232 298 1271 tias,
322 1230 419 1269 abjicit
443 1243 540 1272 nunc,
564 1243 597 1263 ac
620 1232 791 1272 detestatur,
815 1231 886 1263 dum
903 1231 964 1273 plu-

227 1277 370 1308 rimorum
408 1277 475 1308 huic
500 1277 578 1308 Petri
601 1276 757 1309 Cathedrae
790 1286 839 1308 aut
863 1276 964 1308 adver-

230 1321 356 1352 santium
371 1345 380 1360 ,
405 1330 454 1352 aut
478 1321 674 1353 invidentium
700 1347 710 1362 ,
744 1333 814 1363 quos
836 1321 964 1362 undique

227 1366 259 1397 in
272 1364 333 1396 suas
343 1375 432 1406 partes
442 1365 596 1406 laudesque
617 1375 791 1407 pertraxerat
803 1390 812 1406 ,
838 1365 944 1403 judiciis
954 1390 964 1406 ‚

228 1421 289 1442 non
300 1409 473 1450 retrahitur,
497 1421 556 1441 non
577 1419 785 1451 permovetur.
810 1410 891 1448 Qiid
911 1409 965 1441 hoc

229 1455 269 1486 est
290 1479 298 1494 ,
323 1454 373 1486 nili
398 1455 617 1496 quodammodo
641 1467 691 1496 pro
718 1455 845 1487 veritatis
869 1478 878 1493 ,
903 1465 966 1495 quae

227 1498 358 1539 affulsit,
391 1511 490 1531 amore
523 1499 709 1540 semetipsum
742 1509 965 1538 contemnere3

228 1555 265 1575 ex
289 1543 378 1576 Saulo
411 1555 526 1575 noxum
562 1545 590 1575 in
616 1544 643 1575 se
668 1543 795 1575 Paulum
820 1545 966 1584 exprime-

228 1599 281 1626 re,
304 1588 338 1619 de
363 1588 524 1619 ambitione
549 1611 558 1627 ,
582 1587 617 1619 de
641 1587 681 1619 sui
706 1588 789 1620 laude
809 1612 818 1628 ,
843 1588 876 1620 de
901 1599 966 1629 pro-

228 1633 289 1665 fani
313 1632 415 1664 Sccculi
439 1631 522 1670 liujus
546 1643 615 1663 aura
639 1632 768 1672 fortiter,
792 1633 966 1674 egregieque

231 1677 411 1718 triumphare
435 1678 445 1707 ?
486 1677 558 1715 Quo
581 1686 656 1708 certe
681 1676 966 1708 liumaricevNatura?

229 1721 416 1753 imbecillitas
439 1722 600 1763 pertingere
624 1733 683 1753 non
709 1721 799 1763 potest
817 1745 826 1761 ,
851 1721 902 1752 nisi
927 1721 966 1752 di—

231 1768 301 1797 vina
325 1777 381 1807 ope
405 1765 495 1806 fulta,
519 1777 551 1798 ac
572 1766 706 1798 roborata
728 1790 735 1797 .
770 1766 890 1797 Divinae
914 1766 968 1806 igi-

232 1821 279 1843 tur
305 1811 463 1842 voluntatis
486 1811 642 1842 rationibus
666 1811 804 1842 inhcssrere
829 1811 894 1842 Nos
918 1822 968 1851 pu-

231 1866 329 1887 tamus
348 1880 358 1896 ,
381 1856 451 1887 dum
477 1856 616 1888 eumdem
640 1855 775 1897 singulari
799 1855 882 1886 laude
906 1861 970 1896 pro-

230 1901 377 1942 sequimur
400 1924 410 1941 ,
442 1910 506 1941 qucc
531 1901 712 1941 potissimum
748 1901 777 1931 in
801 1900 859 1931 Dei
886 1899 967 1940 ipsius

230 1945 356 1986 gloriani
382 1945 420 1976 est
445 1944 656 1977 redundatura.
682 1944 819 1976 Idcirco
810 1956 872 1983 iam
889 1956 966 1976 nunc

230 1989 279 2031 ipsi
303 1989 503 2021 amantissimis
520 1989 724 2031 respondemus
739 1990 872 2029 Litteris,
896 2001 964 2030 quas

231 2034 308 2067 liisce
332 2033 503 2071 conjunffls
526 2034 558 2066 ad
584 2035 635 2066 Te
659 2030 907 2066 tranlmitti‘hius·
901 2057 910 2073 ,
935 2035 965 2066 in

230 2078 319 2120 iisque
343 2080 426 2110 inrisu
432 2091 454 2110 rc
477 2079 736 2119 reconciliationis,
761 2080 857 2120 gratie
876 2104 885 2119 ,
909 2079 969 2110 lau-

232 2123 410 2164 dationisque
437 2124 549 2155 Noslrre
573 2124 674 2155 testem
693 2123 898 2165 Apostolicam
912 2124 969 2155 Ee-

233 2167 429 2200 nediffionem
467 2179 501 2200 ex
535 2169 636 2200 animo
669 2168 854 2200 concedimus
877 2193 884 2199 .
924 2170 968 2199 Ut

233 2222 332 2244 autern
366 2213 399 2244 ad
434 2213 484 2244 Te
517 2214 712 2254 regrediamur
737 2239 746 2254 ‚
783 2213 968 2245 Venerabilis

232 2258 348 2297 Frater,
374 2258 410 2289 ita
435 2266 482 2288 tua
507 2257 559 2289 liac
584 2259 689 2291 virtute
714 2283 723 2299 ,
748 2268 854 2299 tuaque
879 2258 967 2290 felici-

233 2311 291 2333 tate
314 2302 502 2343 gaudemus,
536 2311 568 2335 ut
601 2302 760 2344 plurimum
796 2303 835 2334 ob
869 2302 962 2344 ipsum

1026 207 1117 237 etiarn
1158 213 1220 236 tam
1264 205 1404 246 singulare
1434 204 1455 246 ,¹
1480 213 1601 246 tamqie
1635 203 1764 245 praestans

1025 249 1220 290 exemplum,
1246 251 1274 280 in
1300 251 1351 282 Te
1377 250 1558 290 splendoris,
1584 251 1613 280 in
1641 248 1764 288 Apollo-

1027 294 1113 325 licam
1139 293 1244 324 Sedem
1269 293 1399 324 utilitatis
1422 292 1592 332 adjunEtum
1614 293 1645 324 iri
1662 303 1765 323 cumu-

1027 339 1089 369 lum
1117 337 1295 375 judicemus.
1321 338 1462 369 Maximo
1485 339 1565 370 enim
1591 335 1763 376 exemplum

1023 383 1093 414 illud
1118 383 1217 413 ceteris
1240 381 1376 413 omnibus
1401 383 1549 423 Episcopis
1586 383 1762 413 incitamen-

1024 436 1055 458 to
1079 426 1112 458 ad
1135 428 1219 458 Sacra
1241 425 1347 457 tuenda
1371 449 1381 466 ,
1405 426 1437 457 δε
1462 426 1667 468 propugnanda
1693 427 1761 464 Jura

1026 472 1154 504 futurum
1179 470 1367 502 confidimus.
1392 471 1452 501 Eos
1477 482 1545 502 vero
1566 471 1703 502 acerrime
1714 481 1764 511 Ρο-

1025 517 1092 548 terit
1117 515 1163 547 sua
1187 515 1314 547 claritate
1348 526 1379 545 ac
1404 514 1467 546 luce
1500 515 1533 546 ad
1566 516 1763 546 imitationem

1025 561 1198 602 impellere,
1223 560 1326 601 quilius
1349 560 1387 591 ob
1412 560 1543 592 locorum
1571 560 1764 601 propinquita-

1026 615 1088 637 tem
1114 606 1166 637 erit
1189 585 1282 654 ipsum
1309 604 1404 636 multo
1426 603 1625 646 conspeffius3
1650 603 1764 645 quibus-

1026 661 1082 691 que
1115 650 1206 681 deesse
1239 649 1300 687 jam
1323 649 1376 679 hoc
1416 659 1549 690 tempore
1584 661 1643 681 nori
1676 649 1764 698 potest

1025 694 1170 733 ejusmodi
1195 693 1364 726 exhibendae
1384 717 1393 733 ,
1426 692 1648 740 exercendaeque
1673 694 1763 724 virtu-

1026 741 1060 771 tis
1083 741 1184 780 copia.
1211 739 1300 770 Nunc
1327 749 1396 769 vero
1413 762 1422 778 ,
1448 735 1496 769 etsi
1515 738 1565 769 Te
1591 737 1715 779 ipsum
1709 748 1764 768 im«

1028 784 1172 825 posterum
1197 784 1263 814 Tui
1287 782 1412 814 similem
1447 782 1576 814 futurum
1614 793 1673 813 non
1713 781 1764 813 du-

1029 829 1172 868 bitemus,
1200 827 1362 869 valdeque,
1389 827 1520 859 laetemur
1537 827 1617 858 nulla
1635 827 1685 858 Te
1698 825 1763 858 hor-

1028 874 1138 905 tatione
1163 871 1290 914 indigere
1314 897 1324 913 ,
1357 873 1406 914 qui
1431 882 1479 904 tua
1505 872 1603 913 sponte
1637 872 1670 903 ad
1695 883 1764 913 prce-

1027 918 1102 950 clara
1127 929 1247 960 quaeque
1272 918 1463 949 inflammaris
1484 928 1493 956 3
1517 926 1617 949 tamen
1643 927 1675 948 ut
1701 927 1764 947 nia-

1026 965 1068 1005 gis
1092 964 1166 995 Tibi
1192 962 1317 995 constare
1342 962 1427 1002 poss'it
1451 985 1460 1001 ,
1493 972 1634 1003 quantum
1671 961 1764 993 adhuc.

1026 1018 1076 1039 tua
1100 1009 1205 1039 virtute
1230 1008 1380 1046 nitamur,
1406 1005 1479 1038 illud
1499 1018 1581 1038 nunc
1605 1019 1619 1038 a
1637 1007 1688 1038 Te
1712 1018 1762 1038 ex-

1026 1051 1175 1094 pediamus
1190 1076 1199 1092 ‚
1224 1060 1257 1083 ut
1280 1062 1368 1092 quem
1394 1062 1409 1082 a
1435 1052 1502 1082 Deo
1526 1052 1632 1093 recepit
1657 1052 1762 1082 Suffra-

1026 1107 1133 1138 ganeus
1156 1105 1220 1128 tuus
1243 1096 1394 1127 docilitatis
1418 1095 1569 1137 spiritum,
1594 1096 1698 1128 eodem
1711 1107 1761 1137 pro

1024 1151 1074 1173 tua
1098 1141 1172 1182 apud
1210 1141 1304 1182 ipsum
1339 1139 1511 1172 aritstoritate
1544 1141 1617 1172 velis
1653 1141 1694 1172 uti
1728 1140 1762 1171 ad

1023 1187 1151 1218 debitam
1186 1186 1222 1216 ab
1254 1185 1314 1226 ipso
1339 1184 1513 1225 exigendam
1538 1209 1549 1224 ,
1572 1196 1659 1226 quam
1699 1197 1763 1226 pro-

1024 1231 1120 1270 misit,
1143 1241 1261 1272 operam
1275 1254 1284 1270 ,
1308 1241 1366 1271 qua
1389 1229 1460 1261 illud
1493 1240 1624 1261 errorum
1659 1240 1762 1271 propu-

1024 1275 1203 1318 gnaculum,
1228 1274 1488 1316 quodjampridem
1505 1275 1661 1314 excitavit,
1683 1275 1762 1306 idem

1025 1320 1082 1362 ipse
1108 1320 1146 1351 sui
1173 1320 1303 1360 ingenii,
1329 1319 1441 1360 sumque
1466 1318 1602 1351 dofflrinae
1625 1329 1680 1361 ope
1691 1318 1762 1356 deji-

1025 1377 1088 1397 cere
1113 1390 1122 1405 ,
1158 1376 1191 1396 ac
1215 1364 1338 1396 funditus
1361 1364 1458 1396 delere
1482 1373 1581 1406 pergat
1601 1375 1610 1402 3
1642 1375 1678 1395 ex
1702 1375 1761 1405 quo

1026 1419 1102 1441 certe
1128 1409 1304 1450 praecipuum
1329 1408 1376 1450 ipfi
1401 1408 1443 1439 illi
1469 1407 1679 1440 RetraEhitioni
1706 1409 1761 1440 suae

1027 1454 1137 1495 pondus
1161 1453 1333 1494 adjungetur
1355 1465 1363 1483 z
1389 1454 1509 1484 Tecum
1535 1462 1668 1494 praeterea
1691 1454 1762 1485 San-

1027 1498 1067 1529 eli
1093 1499 1199 1529 Leonis
1223 1498 1332 1537 Nlagni
1356 1496 1526 1528 adhibemus
1557 1498 1591 1527 ad
1617 1497 1762 1528 Theodo-

1025 1550 1119 1574 retum
1140 1566 1149 1581 ,
1183 1542 1256 1579 Cyri
1281 1541 1459 1582 Episcopum
1479 1565 1488 1581 ,
1521 1540 1664 1572 scribentis
1697 1553 1761 1574 ver·

1025 1587 1062 1618 ba
1086 1587 1154 1623 (1):
1181 1584 1302 1617 Vt'c‘iorl‘a
1320 1609 1330 1626 ,
1353 1597 1440 1627 quam
1464 1584 1594 1626 Ckristus
1619 1586 1761 1618 Dominus

1026 1629 1129 1670 Noster
1145 1631 1206 1670 fita:
1229 1630 1348 1661 donavit
1373 1628 1499 1668 Ecclesia:
1518 1655 1527 1670 ,
1560 1631 1697 1670 quamdiu
1731 1631 1761 1662 in

1025 1675 1073 1708 hoc
1096 1676 1209 1706 Mundo
1231 1674 1374 1715 versamur
1393 1699 1402 1714 ,
1435 1673 1500 1706 licet
1529 1674 1668 1715 fiduciam
1700 1688 1761 1707 ma-

1021 1720 1110 1760 jorem
1135 1719 1241 1752 tribuat
1265 1744 1275 1760 ,
1299 1732 1350 1751 non
1374 1729 1466 1750 tamen
1487 1718 1518 1759 in
1543 1729 1630 1750 totum
1650 1719 1761 1758 sollis?-

1027 1765 1151 1796 tialt'nem
1173 1765 1285 1806 perimit
1306 1789 1314 1805 ,
1339 1777 1385 1795 ‘nec
1410 1775 1440 1795 ut
1463 1764 1633 1796 dormiamus
1657 1765 1760 1797 donata

1027 1808 1084 1850 est,
1104 1810 1156 1849 sed
1179 1820 1210 1841 ut
1229 1809 1354 1849 fimvius
1376 1807 1530 1848 vigilemus
1551 1833 1558 1839 .
1591 1810 1657 1848 Jam
1683 1810 1759 1851 quod

1026 1855 1171 1896 reliquum
1196 1855 1235 1886 est
1253 1879 1262 1894 ,
1287 1854 1319 1885 &
1342 1852 1567 1895 perspefflssima
1593 1854 1687 1885 Nobis
1710 1866 1760 1886 an-

1027 1909 1075 1932 tea
1099 1909 1180 1930 erant
1213 1899 1283 1930 Tua
1318 1899 1347 1930 in
1373 1899 1437 1930 Nos
1457 1922 1466 1938 ,
1498 1897 1530 1929 &
1555 1898 1756 1940 Apostolicam

1028 1944 1102 1975 lianc
1128 1945 1164 1975 B.
1188 1943 1267 1975 Petri
1292 1941 1471 1974 Cathedram
1496 1943 1575 1974 studii
1595 1968 1605 1984 ‚
1638 1944 1760 1981 conjun-

1025 1988 1129 2020 {lionis
1150 2013 1160 2029 ,
1183 1988 1372 2020 observantiae
1392 2012 1401 2028 ‚
1439 1987 1606 2029 pietatisque
1629 1989 1723 2020 officia
1749 2001 1758 2027 3

1029 2035 1061 2065 ὁὶ
1085 2045 1162 2066 nunc
1187 2033 1257 2065 adeo
1281 2042 1361 2074 grata
1386 2032 1418 2063 ὃ(
1442 2031 1565 2070 jucunda
1588 2033 1626 2063 est
1642 2044 1759 2065 eorum-

1028 2078 1096 2110 dem
1121 2078 1149 2109 iri
1176 2077 1304 2119 Epistola
1336 2087 1384 2108 tua
1407 2076 1631 2108 luculentissima
1657 2079 1759 2110 confir-

1028 2124 1119 2154 matio
1144 2148 1153 2163 ,
1186 2133 1218 2153 ut
1241 2122 1314 2153 nihil
1339 2122 1488 2163 cupiamus
1512 2123 1604 2162 magis
1627 2146 1636 2161 ,
1669 2135 1758 2164 quam

1028 2168 1124 2208 palam
1136 2168 1274 2199 omnibus
1292 2167 1382 2198 facere
1401 2167 1496 2207 posse,
1521 2177 1661 2206 quantam
1675 2169 1758 2208 Tui,

1028 2213 1164 2253 Tua'que
1198 2212 1354 2253 Dignitatis
1391 2222 1423 2241 ac
1458 2212 1580 2242 Viriutis
1613 2214 1757 2244 rationem

1026 2257 1203 2297 habeamus,
1229 2266 1430 2299 quantumque
1455 2255 1488 2286 ad
1513 2267 1546 2287 ea
1569 2259 1670 2289 omnia
1690 2269 1759 2299 prcc-

1025 2301 1120 2334 llanda
1142 2327 1153 2343 ,
1176 2314 1240 2344 quae
1262 2302 1297 2335 ad
1322 2302 1401 2334 Tuae
1426 2300 1513 2332 laudis
1536 2300 1692 2345 gloriasque
1716 2305 1758 2334 in-

1654 2358 1712 2380 cre-

279 2393 327 2432 (i)
351 2390 443 2432 Epist,
469 2404 519 2435 93.
544 2393 618 2436 Cap.
645 2396 672 2426 6.
697 2394 780 2427 Part.
809 2405 837 2425 2.
864 2393 946 2436 Oper.
970 2390 1015 2423 cit.
1042 2391 1123 2424 Edit.
